<?xml version="1.0" encoding="UTF-8"?>
<!DOCTYPE html PUBLIC "-//W3C//DTD XHTML 1.0 Transitional//EN"
    "http://www.w3.org/TR/xhtml1/DTD/xhtml1-transitional.dtd">
<html xmlns="http://www.w3.org/1999/xhtml" xml:lang="en" lang="en">
 <head>
  <title>
</title>
<meta http-equiv="Content-Type" content="text/html;charset=utf-8" />
  <meta name='ocr-system' content='tesseract 3.04.00' />
  <meta name='ocr-capabilities' content='ocr_page ocr_carea ocr_par ocr_line ocrx_word'/>
</head>
<body>
  <div class='ocr_page' id='page_1' title='image "./captiviwithintro00plauuoft_0021.png"; bbox 0 0 1602 2475; ppageno 0'>
   <div class='ocr_carea' id='block_1_1' title="bbox 454 131 1396 176">
    <p class='ocr_par' dir='ltr' id='par_1_1' title="bbox 454 131 1396 176">
     <span class='ocr_line' id='line_1_1' title="bbox 454 131 1396 176; baseline -0.003 -9"><span class='ocrx_word' id='word_1_1' title='bbox 454 132 744 167; x_wconf 84' lang='lat' dir='ltr'>PLAUTINE</span> <span class='ocrx_word' id='word_1_2' title='bbox 773 131 1016 166; x_wconf 74' lang='lat' dir='ltr'>SYNTAX.</span> <span class='ocrx_word' id='word_1_3' title='bbox 1348 134 1396 176; x_wconf 83' lang='lat'>17</span> 
     </span>
    </p>
   </div>
   <div class='ocr_carea' id='block_1_2' title="bbox 166 237 1398 453">
    <p class='ocr_par' dir='ltr' id='par_1_2' title="bbox 166 237 1398 453">
     <span class='ocr_line' id='line_1_2' title="bbox 215 237 1398 286; baseline -0.004 -9"><span class='ocrx_word' id='word_1_4' title='bbox 215 241 398 286; x_wconf 89' lang='lat' dir='ltr'>Similarly</span> <span class='ocrx_word' id='word_1_5' title='bbox 415 243 456 276; x_wconf 82' lang='lat' dir='ltr'>in</span> <span class='ocrx_word' id='word_1_6' title='bbox 474 241 561 275; x_wconf 84' lang='lat' dir='ltr'>with</span> <span class='ocrx_word' id='word_1_7' title='bbox 585 253 683 276; x_wconf 87' lang='lat' dir='ltr'>acc.:</span> <span class='ocrx_word' id='word_1_8' title='bbox 711 252 740 275; x_wconf 93' lang='lat' dir='ltr'>e.</span> <span class='ocrx_word' id='word_1_9' title='bbox 754 252 788 285; x_wconf 87' lang='lat' dir='ltr'>g.</span> <span class='ocrx_word' id='word_1_10' title='bbox 808 239 906 274; x_wconf 89' lang='lat' dir='ltr'>Trin.</span> <span class='ocrx_word' id='word_1_11' title='bbox 932 249 959 273; x_wconf 94' lang='lat'>1.</span> <span class='ocrx_word' id='word_1_12' title='bbox 979 249 1010 272; x_wconf 88' lang='lat'>2.</span> <span class='ocrx_word' id='word_1_13' title='bbox 1029 246 1071 282; x_wconf 89' lang='grc'>75</span> <span class='ocrx_word' id='word_1_14' title='bbox 1092 237 1223 273; x_wconf 84' lang='lat' dir='ltr'>iturust</span> <span class='ocrx_word' id='word_1_15' title='bbox 1242 238 1342 283; x_wconf 88' lang='lat' dir='ltr'>ipsus</span> <span class='ocrx_word' id='word_1_16' title='bbox 1363 239 1398 272; x_wconf 93' lang='lat' dir='ltr'>in</span> 
     </span>
     <span class='ocr_line' id='line_1_3' title="bbox 167 297 1398 344; baseline -0.005 -8"><span class='ocrx_word' id='word_1_17' title='bbox 167 301 392 344; x_wconf 81' lang='lat' dir='ltr'>Seleuciam3</span> <span class='ocrx_word' id='word_1_18' title='bbox 413 301 546 335; x_wconf 85' lang='lat' dir='ltr'><strong>Pseud.</strong></span> <span class='ocrx_word' id='word_1_19' title='bbox 561 310 594 343; x_wconf 91' lang='lat'>4.</span> <span class='ocrx_word' id='word_1_20' title='bbox 606 300 638 335; x_wconf 88' lang='lat'>6.</span> <span class='ocrx_word' id='word_1_21' title='bbox 653 300 697 343; x_wconf 87' lang='lat'>36</span> <span class='ocrx_word' id='word_1_22' title='bbox 711 299 749 333; x_wconf 91' lang='lat' dir='ltr'>in</span> <span class='ocrx_word' id='word_1_23' title='bbox 766 298 963 343; x_wconf 86' lang='lat' dir='ltr'>Sicyonem</span> <span class='ocrx_word' id='word_1_24' title='bbox 978 297 1150 332; x_wconf 82' lang='lat' dir='ltr'>abduxit:</span> <span class='ocrx_word' id='word_1_25' title='bbox 1171 298 1398 341; x_wconf 83' lang='lat' dir='ltr'>conversely,</span> 
     </span>
     <span class='ocr_line' id='line_1_4' title="bbox 166 355 1397 403; baseline -0.005 -9"><span class='ocrx_word' id='word_1_26' title='bbox 166 360 230 395; x_wconf 91' lang='lat' dir='ltr'>the</span> <span class='ocrx_word' id='word_1_27' title='bbox 247 360 318 394; x_wconf 86' lang='lat' dir='ltr'>abl.</span> <span class='ocrx_word' id='word_1_28' title='bbox 337 359 411 393; x_wconf 89' lang='lat' dir='ltr'>and</span> <span class='ocrx_word' id='word_1_29' title='bbox 429 370 505 393; x_wconf 92' lang='lat' dir='ltr'>acc.</span> <span class='ocrx_word' id='word_1_30' title='bbox 524 358 675 393; x_wconf 86' lang='lat' dir='ltr'>without</span> <span class='ocrx_word' id='word_1_31' title='bbox 696 370 717 392; x_wconf 92' lang='lat' dir='ltr'>a</span> <span class='ocrx_word' id='word_1_32' title='bbox 741 356 967 403; x_wconf 87' lang='lat' dir='ltr'>preposition</span> <span class='ocrx_word' id='word_1_33' title='bbox 986 367 1047 390; x_wconf 83' lang='lat' dir='ltr'>are</span> <span class='ocrx_word' id='word_1_34' title='bbox 1062 355 1162 391; x_wconf 86' lang='lat' dir='ltr'>often</span> <span class='ocrx_word' id='word_1_35' title='bbox 1180 355 1293 390; x_wconf 89' lang='lat' dir='ltr'>found</span> <span class='ocrx_word' id='word_1_36' title='bbox 1312 355 1397 390; x_wconf 81' lang='lat' dir='ltr'>with</span> 
     </span>
     <span class='ocr_line' id='line_1_5' title="bbox 167 416 560 453; baseline -0.003 -1"><span class='ocrx_word' id='word_1_37' title='bbox 167 430 294 452; x_wconf 90' lang='lat' dir='ltr'>names</span> <span class='ocrx_word' id='word_1_38' title='bbox 312 418 352 452; x_wconf 85' lang='lat' dir='ltr'>of</span> <span class='ocrx_word' id='word_1_39' title='bbox 364 416 560 453; x_wconf 90' lang='lat' dir='ltr'>countries.</span> 
     </span>
    </p>
   </div>
   <div class='ocr_carea' id='block_1_3' title="bbox 72 500 362 533">
    <p class='ocr_par' dir='ltr' id='par_1_3' title="bbox 72 500 362 533">
     <span class='ocr_line' id='line_1_6' title="bbox 72 500 362 533; baseline 0.003 -1"><span class='ocrx_word' id='word_1_40' title='bbox 72 501 128 533; x_wconf 91' lang='grc' dir='ltr'>ΙΙ.</span> <span class='ocrx_word' id='word_1_41' title='bbox 153 500 290 533; x_wconf 84' lang='lat' dir='ltr'>Verbs</span> <span class='ocrx_word' id='word_1_42' title='bbox 307 512 362 533; x_wconf 76' lang='lat'>:—</span> 
     </span>
    </p>
   </div>
   <div class='ocr_carea' id='block_1_4' title="bbox 124 581 342 615">
    <p class='ocr_par' dir='ltr' id='par_1_4' title="bbox 124 581 342 615">
     <span class='ocr_line' id='line_1_7' title="bbox 124 581 342 615; baseline -0.005 0"><span class='ocrx_word' id='word_1_43' title='bbox 124 590 153 615; x_wconf 90' lang='lat'>1.</span> <span class='ocrx_word' id='word_1_44' title='bbox 180 581 342 615; x_wconf 86' lang='lat' dir='ltr'>Tenses:</span> 
     </span>
    </p>
   </div>
   <div class='ocr_carea' id='block_1_5' title="bbox 166 646 1399 867">
    <p class='ocr_par' dir='ltr' id='par_1_5' title="bbox 166 646 1399 867">
     <span class='ocr_line' id='line_1_8' title="bbox 214 646 1399 693; baseline -0.003 -11"><span class='ocrx_word' id='word_1_45' title='bbox 214 647 265 693; x_wconf 93' lang='lat'>(1)</span> <span class='ocrx_word' id='word_1_46' title='bbox 294 649 396 683; x_wconf 86' lang='lat' dir='ltr'>Pres.</span> <span class='ocrx_word' id='word_1_47' title='bbox 410 649 484 683; x_wconf 89' lang='lat' dir='ltr'>ind.</span> <span class='ocrx_word' id='word_1_48' title='bbox 498 649 553 682; x_wconf 90' lang='lat' dir='ltr'>for</span> <span class='ocrx_word' id='word_1_49' title='bbox 567 648 627 683; x_wconf 85' lang='lat' dir='ltr'>fut.</span> <span class='ocrx_word' id='word_1_50' title='bbox 648 648 685 682; x_wconf 93' lang='lat' dir='ltr'>in</span> <span class='ocrx_word' id='word_1_51' title='bbox 701 648 889 693; x_wconf 82' lang='lat' dir='ltr'>questions</span> <span class='ocrx_word' id='word_1_52' title='bbox 906 660 912 681; x_wconf 81' lang='lat' dir='ltr'>z</span> <span class='ocrx_word' id='word_1_53' title='bbox 940 658 971 681; x_wconf 90' lang='lat' dir='ltr'>e.</span> <span class='ocrx_word' id='word_1_54' title='bbox 984 658 1018 691; x_wconf 89' lang='lat' dir='ltr'>g.</span> <span class='ocrx_word' id='word_1_55' title='bbox 1037 646 1115 680; x_wconf 87' lang='lat' dir='ltr'>Mil.</span> <span class='ocrx_word' id='word_1_56' title='bbox 1136 654 1166 690; x_wconf 84' lang='lat'>5.</span> <span class='ocrx_word' id='word_1_57' title='bbox 1185 655 1210 679; x_wconf 93' lang='lat'>1.</span> <span class='ocrx_word' id='word_1_58' title='bbox 1229 655 1269 687; x_wconf 87' lang='lat'>14</span> <span class='ocrx_word' id='word_1_59' title='bbox 1287 656 1399 690; x_wconf 89' lang='lat' dir='ltr'>quam</span> 
     </span>
     <span class='ocr_line' id='line_1_9' title="bbox 166 705 1398 750; baseline -0.004 -9"><span class='ocrx_word' id='word_1_60' title='bbox 166 719 251 741; x_wconf 88' lang='lat' dir='ltr'>mox</span> <span class='ocrx_word' id='word_1_61' title='bbox 269 709 378 742; x_wconf 88' lang='lat' dir='ltr'>seco?</span> <span class='ocrx_word' id='word_1_62' title='bbox 407 707 531 742; x_wconf 89' lang='lat' dir='ltr'>‘when</span> <span class='ocrx_word' id='word_1_63' title='bbox 550 707 643 741; x_wconf 80' lang='lat' dir='ltr'>shall</span> <span class='ocrx_word' id='word_1_64' title='bbox 664 707 678 740; x_wconf 90' lang='grc' dir='ltr'>Ι</span> <span class='ocrx_word' id='word_1_65' title='bbox 699 706 811 750; x_wconf 86' lang='lat' dir='ltr'>begin</span> <span class='ocrx_word' id='word_1_66' title='bbox 829 712 867 740; x_wconf 86' lang='lat' dir='ltr'>to</span> <span class='ocrx_word' id='word_1_67' title='bbox 884 713 945 740; x_wconf 90' lang='lat' dir='ltr'>cut</span> <span class='ocrx_word' id='word_1_68' title='bbox 960 705 987 739; x_wconf 91' lang='lat'>?’</span> <span class='ocrx_word' id='word_1_69' title='bbox 1039 705 1206 747; x_wconf 82' lang='lat' dir='ltr'>(Plautus</span> <span class='ocrx_word' id='word_1_70' title='bbox 1230 714 1324 748; x_wconf 86' lang='lat' dir='ltr'>puns</span> <span class='ocrx_word' id='word_1_71' title='bbox 1351 714 1398 736; x_wconf 89' lang='lat' dir='ltr'>on</span> 
     </span>
     <span class='ocr_line' id='line_1_10' title="bbox 167 761 1399 809; baseline -0.004 -10"><span class='ocrx_word' id='word_1_72' title='bbox 167 765 240 800; x_wconf 88' lang='lat' dir='ltr'>this</span> <span class='ocrx_word' id='word_1_73' title='bbox 257 776 371 809; x_wconf 85' lang='lat' dir='ltr'>usage</span> <span class='ocrx_word' id='word_1_74' title='bbox 388 765 425 799; x_wconf 92' lang='lat' dir='ltr'>in</span> <span class='ocrx_word' id='word_1_75' title='bbox 447 766 560 799; x_wconf 83' lang='lat' dir='ltr'>Most.</span> <span class='ocrx_word' id='word_1_76' title='bbox 576 775 607 798; x_wconf 81' lang='lat'>2.</span> <span class='ocrx_word' id='word_1_77' title='bbox 631 775 658 798; x_wconf 84' lang='grc' dir='ltr'>Ι.</span> <span class='ocrx_word' id='word_1_78' title='bbox 678 774 717 798; x_wconf 90' lang='lat'>21</span> <span class='ocrx_word' id='word_1_79' title='bbox 742 765 781 798; x_wconf 88' lang='lat' dir='ltr'>P.</span> <span class='ocrx_word' id='word_1_80' title='bbox 807 763 905 808; x_wconf 83' lang='lat' dir='ltr'>Quid</span> <span class='ocrx_word' id='word_1_81' title='bbox 920 775 988 808; x_wconf 84' lang='lat' dir='ltr'>ego</span> <span class='ocrx_word' id='word_1_82' title='bbox 1002 763 1099 807; x_wconf 85' lang='lat' dir='ltr'>ago?</span> <span class='ocrx_word' id='word_1_83' title='bbox 1124 763 1167 796; x_wconf 91' lang='lat' dir='ltr'>T.</span> <span class='ocrx_word' id='word_1_84' title='bbox 1196 763 1295 795; x_wconf 87' lang='lat' dir='ltr'>Nam</span> <span class='ocrx_word' id='word_1_85' title='bbox 1310 761 1399 806; x_wconf 88' lang='lat' dir='ltr'>quid</span> 
     </span>
     <span class='ocr_line' id='line_1_11' title="bbox 167 820 1085 867; baseline -0.003 -10"><span class='ocrx_word' id='word_1_86' title='bbox 167 831 206 857; x_wconf 91' lang='lat' dir='ltr'>tu</span> <span class='ocrx_word' id='word_1_87' title='bbox 224 823 363 857; x_wconf 89' lang='lat' dir='ltr'>malum</span> <span class='ocrx_word' id='word_1_88' title='bbox 381 834 441 857; x_wconf 92' lang='lat' dir='ltr'>me</span> <span class='ocrx_word' id='word_1_89' title='bbox 458 823 593 867; x_wconf 84' lang='lat' dir='ltr'>rogitas</span> <span class='ocrx_word' id='word_1_90' title='bbox 612 822 701 867; x_wconf 86' lang='lat' dir='ltr'>quid</span> <span class='ocrx_word' id='word_1_91' title='bbox 719 834 809 866; x_wconf 84' lang='lat' dir='ltr'>agas</span> <span class='ocrx_word' id='word_1_92' title='bbox 825 824 837 856; x_wconf 84' lang='lat'><strong>?</strong></span> <span class='ocrx_word' id='word_1_93' title='bbox 887 820 1085 864; x_wconf 83' lang='lat' dir='ltr'>Accubas.)</span> 
     </span>
    </p>
   </div>
   <div class='ocr_carea' id='block_1_6' title="bbox 167 890 1399 1054">
    <p class='ocr_par' dir='ltr' id='par_1_6' title="bbox 167 890 1399 1054">
     <span class='ocr_line' id='line_1_12' title="bbox 216 890 1399 937; baseline -0.004 -10"><span class='ocrx_word' id='word_1_94' title='bbox 216 893 266 937; x_wconf 91' lang='lat'>(2)</span> <span class='ocrx_word' id='word_1_95' title='bbox 295 893 377 927; x_wconf 88' lang='lat' dir='ltr'>Fut.</span> <span class='ocrx_word' id='word_1_96' title='bbox 404 891 478 927; x_wconf 87' lang='lat' dir='ltr'>ind.</span> <span class='ocrx_word' id='word_1_97' title='bbox 503 892 559 926; x_wconf 90' lang='lat' dir='ltr'>for</span> <span class='ocrx_word' id='word_1_98' title='bbox 585 903 680 937; x_wconf 90' lang='lat' dir='ltr'>pres.</span> <span class='ocrx_word' id='word_1_99' title='bbox 701 892 793 936; x_wconf 89' lang='lat' dir='ltr'>subj.</span> <span class='ocrx_word' id='word_1_100' title='bbox 812 891 849 925; x_wconf 91' lang='lat' dir='ltr'>in</span> <span class='ocrx_word' id='word_1_101' title='bbox 873 892 1004 926; x_wconf 87' lang='lat' dir='ltr'>oaths:</span> <span class='ocrx_word' id='word_1_102' title='bbox 1032 903 1062 926; x_wconf 93' lang='lat' dir='ltr'>e.</span> <span class='ocrx_word' id='word_1_103' title='bbox 1075 903 1109 935; x_wconf 84' lang='lat' dir='ltr'>g.</span> <span class='ocrx_word' id='word_1_104' title='bbox 1134 891 1235 925; x_wconf 87' lang='lat' dir='ltr'>Trin.</span> <span class='ocrx_word' id='word_1_105' title='bbox 1254 900 1285 923; x_wconf 92' lang='lat'>2.</span> <span class='ocrx_word' id='word_1_106' title='bbox 1304 900 1336 932; x_wconf 89' lang='lat'>4.</span> <span class='ocrx_word' id='word_1_107' title='bbox 1355 890 1399 931; x_wconf 83' lang='lat'>46</span> 
     </span>
     <span class='ocr_line' id='line_1_13' title="bbox 167 948 1398 997; baseline -0.003 -12"><span class='ocrx_word' id='word_1_108' title='bbox 167 952 219 985; x_wconf 90' lang='lat' dir='ltr'>ita</span> <span class='ocrx_word' id='word_1_109' title='bbox 243 963 302 986; x_wconf 92' lang='lat' dir='ltr'>me</span> <span class='ocrx_word' id='word_1_110' title='bbox 328 950 467 985; x_wconf 89' lang='lat' dir='ltr'>amabit</span> <span class='ocrx_word' id='word_1_111' title='bbox 485 951 653 997; x_wconf 89' lang='lat' dir='ltr'>Jupiter;</span> <span class='ocrx_word' id='word_1_112' title='bbox 689 951 771 984; x_wconf 86' lang='lat' dir='ltr'>Ter.</span> <span class='ocrx_word' id='word_1_113' title='bbox 792 951 927 985; x_wconf 88' lang='lat' dir='ltr'>Heaut.</span> <span class='ocrx_word' id='word_1_114' title='bbox 948 960 978 993; x_wconf 87' lang='lat'>3.</span> <span class='ocrx_word' id='word_1_115' title='bbox 998 960 1024 984; x_wconf 92' lang='lat'>1.</span> <span class='ocrx_word' id='word_1_116' title='bbox 1047 958 1088 993; x_wconf 84' lang='lat'>54</span> <span class='ocrx_word' id='word_1_117' title='bbox 1107 949 1159 983; x_wconf 89' lang='lat' dir='ltr'>sic</span> <span class='ocrx_word' id='word_1_118' title='bbox 1183 961 1243 983; x_wconf 89' lang='lat' dir='ltr'>me</span> <span class='ocrx_word' id='word_1_119' title='bbox 1261 948 1298 982; x_wconf 91' lang='lat' dir='ltr'>di</span> <span class='ocrx_word' id='word_1_120' title='bbox 1323 959 1398 981; x_wconf 86' lang='lat' dir='ltr'>am-</span> 
     </span>
     <span class='ocr_line' id='line_1_14' title="bbox 167 1010 443 1054; baseline 0 -10"><span class='ocrx_word' id='word_1_121' title='bbox 167 1011 292 1052; x_wconf 86' lang='lat' dir='ltr'>abunt,</span> <span class='ocrx_word' id='word_1_122' title='bbox 310 1017 359 1054; x_wconf 89' lang='lat' dir='ltr'>ut,</span> <span class='ocrx_word' id='word_1_123' title='bbox 379 1010 443 1044; x_wconf 86' lang='lat' dir='ltr'>&amp;c.</span> 
     </span>
    </p>
   </div>
   <div class='ocr_carea' id='block_1_7' title="bbox 166 1078 1399 1300">
    <p class='ocr_par' dir='ltr' id='par_1_7' title="bbox 166 1078 1399 1300">
     <span class='ocr_line' id='line_1_15' title="bbox 217 1078 1399 1124; baseline -0.003 -10"><span class='ocrx_word' id='word_1_124' title='bbox 217 1080 268 1124; x_wconf 86' lang='lat'>(3)</span> <span class='ocrx_word' id='word_1_125' title='bbox 296 1079 545 1124; x_wconf 87' lang='lat' dir='ltr'>Periphrastic</span> <span class='ocrx_word' id='word_1_126' title='bbox 574 1079 639 1114; x_wconf 89' lang='lat' dir='ltr'>fut.</span> <span class='ocrx_word' id='word_1_127' title='bbox 667 1080 751 1113; x_wconf 81' lang='lat' dir='ltr'>with</span> <span class='ocrx_word' id='word_1_128' title='bbox 776 1079 878 1121; x_wconf 80' lang='lat' dir='ltr'>dabo,</span> <span class='ocrx_word' id='word_1_129' title='bbox 905 1086 997 1113; x_wconf 88' lang='lat' dir='ltr'>etc.:</span> <span class='ocrx_word' id='word_1_130' title='bbox 1037 1090 1068 1113; x_wconf 88' lang='lat' dir='ltr'>e.</span> <span class='ocrx_word' id='word_1_131' title='bbox 1083 1090 1116 1122; x_wconf 85' lang='lat' dir='ltr'>g.</span> <span class='ocrx_word' id='word_1_132' title='bbox 1147 1078 1225 1111; x_wconf 83' lang='lat' dir='ltr'>Mil.</span> <span class='ocrx_word' id='word_1_133' title='bbox 1253 1088 1281 1111; x_wconf 85' lang='lat'>2.</span> <span class='ocrx_word' id='word_1_134' title='bbox 1304 1087 1335 1111; x_wconf 89' lang='lat'>2.</span> <span class='ocrx_word' id='word_1_135' title='bbox 1358 1086 1399 1121; x_wconf 79' lang='lat'>53</span> 
     </span>
     <span class='ocr_line' id='line_1_16' title="bbox 166 1136 1398 1181; baseline -0.004 -8"><span class='ocrx_word' id='word_1_136' title='bbox 166 1139 261 1173; x_wconf 91' lang='lat' dir='ltr'>bene</span> <span class='ocrx_word' id='word_1_137' title='bbox 275 1145 419 1173; x_wconf 89' lang='lat' dir='ltr'>coctum</span> <span class='ocrx_word' id='word_1_138' title='bbox 435 1138 538 1172; x_wconf 82' lang='lat' dir='ltr'>dabit</span> <span class='ocrx_word' id='word_1_139' title='bbox 555 1149 562 1181; x_wconf 84' lang='lat'>3</span> <span class='ocrx_word' id='word_1_140' title='bbox 590 1139 673 1172; x_wconf 93' lang='lat' dir='ltr'>Ter.</span> <span class='ocrx_word' id='word_1_141' title='bbox 688 1139 822 1172; x_wconf 87' lang='lat' dir='ltr'>Heaut.</span> <span class='ocrx_word' id='word_1_142' title='bbox 839 1146 868 1181; x_wconf 87' lang='lat'>5.</span> <span class='ocrx_word' id='word_1_143' title='bbox 885 1147 912 1170; x_wconf 90' lang='lat'>1.</span> <span class='ocrx_word' id='word_1_144' title='bbox 928 1146 970 1179; x_wconf 92' lang='lat'>77</span> <span class='ocrx_word' id='word_1_145' title='bbox 991 1137 1020 1170; x_wconf 87' lang='lat' dir='ltr'>si</span> <span class='ocrx_word' id='word_1_146' title='bbox 1039 1136 1123 1170; x_wconf 89' lang='lat' dir='ltr'>vivo</span> <span class='ocrx_word' id='word_1_147' title='bbox 1137 1137 1232 1170; x_wconf 89' lang='lat' dir='ltr'>adeo</span> <span class='ocrx_word' id='word_1_148' title='bbox 1245 1147 1398 1169; x_wconf 81' lang='lat' dir='ltr'>exorna-</span> 
     </span>
     <span class='ocr_line' id='line_1_17' title="bbox 167 1193 1398 1241; baseline -0.004 -9"><span class='ocrx_word' id='word_1_149' title='bbox 167 1205 245 1232; x_wconf 88' lang='lat' dir='ltr'>tum</span> <span class='ocrx_word' id='word_1_150' title='bbox 263 1197 372 1241; x_wconf 87' lang='lat' dir='ltr'>dabo,</span> <span class='ocrx_word' id='word_1_151' title='bbox 391 1197 497 1231; x_wconf 91' lang='lat' dir='ltr'>Adeo</span> <span class='ocrx_word' id='word_1_152' title='bbox 520 1197 702 1241; x_wconf 84' lang='lat' dir='ltr'>depexum</span> <span class='ocrx_word' id='word_1_153' title='bbox 718 1207 726 1239; x_wconf 94' lang='grc'><strong>;</strong></span> <span class='ocrx_word' id='word_1_154' title='bbox 754 1197 837 1230; x_wconf 88' lang='lat' dir='ltr'>Ter.</span> <span class='ocrx_word' id='word_1_155' title='bbox 855 1196 969 1230; x_wconf 89' lang='lat' dir='ltr'>Andr.</span> <span class='ocrx_word' id='word_1_156' title='bbox 987 1205 1020 1237; x_wconf 87' lang='grc'>4.</span> <span class='ocrx_word' id='word_1_157' title='bbox 1039 1205 1071 1230; x_wconf 82' lang='grc'>2.</span> <span class='ocrx_word' id='word_1_158' title='bbox 1090 1205 1136 1228; x_wconf 84' lang='grc'>20</span> <span class='ocrx_word' id='word_1_159' title='bbox 1153 1195 1223 1229; x_wconf 90' lang='lat' dir='ltr'>hoc</span> <span class='ocrx_word' id='word_1_160' title='bbox 1247 1205 1315 1238; x_wconf 85' lang='lat' dir='ltr'>ego</span> <span class='ocrx_word' id='word_1_161' title='bbox 1334 1193 1398 1228; x_wconf 89' lang='lat' dir='ltr'>tibi</span> 
     </span>
     <span class='ocr_line' id='line_1_18' title="bbox 167 1254 702 1300; baseline -0.002 -11"><span class='ocrx_word' id='word_1_162' title='bbox 167 1255 329 1300; x_wconf 87' lang='lat' dir='ltr'>profecto</span> <span class='ocrx_word' id='word_1_163' title='bbox 347 1255 518 1289; x_wconf 90' lang='lat' dir='ltr'>effectum</span> <span class='ocrx_word' id='word_1_164' title='bbox 536 1254 702 1289; x_wconf 88' lang='lat' dir='ltr'>reddam.</span> 
     </span>
    </p>
   </div>
   <div class='ocr_carea' id='block_1_8' title="bbox 167 1323 1400 1474">
    <p class='ocr_par' dir='ltr' id='par_1_8' title="bbox 167 1323 1400 1474">
     <span class='ocr_line' id='line_1_19' title="bbox 216 1323 1398 1370; baseline -0.004 -10"><span class='ocrx_word' id='word_1_165' title='bbox 216 1325 266 1369; x_wconf 86' lang='lat'>(4)</span> <span class='ocrx_word' id='word_1_166' title='bbox 295 1325 388 1360; x_wconf 92' lang='lat' dir='ltr'>Perf.</span> <span class='ocrx_word' id='word_1_167' title='bbox 407 1325 470 1359; x_wconf 81' lang='lat' dir='ltr'>inf.</span> <span class='ocrx_word' id='word_1_168' title='bbox 487 1325 541 1359; x_wconf 88' lang='lat' dir='ltr'>for</span> <span class='ocrx_word' id='word_1_169' title='bbox 558 1336 652 1370; x_wconf 90' lang='lat' dir='ltr'>pres.</span> <span class='ocrx_word' id='word_1_170' title='bbox 673 1324 886 1369; x_wconf 83' lang='lat' dir='ltr'>(especially</span> <span class='ocrx_word' id='word_1_171' title='bbox 904 1324 998 1358; x_wconf 87' lang='lat' dir='ltr'>after</span> <span class='ocrx_word' id='word_1_172' title='bbox 1015 1323 1114 1366; x_wconf 86' lang='lat' dir='ltr'>volo)</span> <span class='ocrx_word' id='word_1_173' title='bbox 1132 1336 1138 1356; x_wconf 87' lang='lat'>:</span> <span class='ocrx_word' id='word_1_174' title='bbox 1167 1335 1197 1358; x_wconf 93' lang='lat' dir='ltr'>e.</span> <span class='ocrx_word' id='word_1_175' title='bbox 1212 1335 1246 1367; x_wconf 86' lang='lat' dir='ltr'>g.</span> <span class='ocrx_word' id='word_1_176' title='bbox 1264 1323 1348 1357; x_wconf 85' lang='lat' dir='ltr'>Aul.</span> <span class='ocrx_word' id='word_1_177' title='bbox 1370 1331 1398 1366; x_wconf 82' lang='lat'>5.</span> 
     </span>
     <span class='ocr_line' id='line_1_20' title="bbox 172 1379 1400 1426; baseline -0.002 -11"><span class='ocrx_word' id='word_1_178' title='bbox 172 1392 199 1415; x_wconf 90' lang='lat'>1.</span> <span class='ocrx_word' id='word_1_179' title='bbox 223 1391 263 1425; x_wconf 85' lang='lat'>19</span> <span class='ocrx_word' id='word_1_180' title='bbox 292 1393 366 1416; x_wconf 89' lang='lat' dir='ltr'>non</span> <span class='ocrx_word' id='word_1_181' title='bbox 399 1388 505 1426; x_wconf 90' lang='lat' dir='ltr'>potes</span> <span class='ocrx_word' id='word_1_182' title='bbox 535 1381 713 1426; x_wconf 87' lang='lat' dir='ltr'>probasse</span> <span class='ocrx_word' id='word_1_183' title='bbox 742 1392 886 1424; x_wconf 87' lang='lat' dir='ltr'>nugas;</span> <span class='ocrx_word' id='word_1_184' title='bbox 923 1381 1015 1414; x_wconf 85' lang='lat' dir='ltr'>Cato</span> <span class='ocrx_word' id='word_1_185' title='bbox 1042 1381 1086 1413; x_wconf 90' lang='lat' dir='ltr'>R.</span> <span class='ocrx_word' id='word_1_186' title='bbox 1114 1381 1158 1413; x_wconf 91' lang='lat' dir='ltr'>R.</span> <span class='ocrx_word' id='word_1_187' title='bbox 1188 1387 1204 1423; x_wconf 83' lang='lat'>5</span> <span class='ocrx_word' id='word_1_188' title='bbox 1233 1390 1278 1413; x_wconf 91' lang='lat' dir='ltr'>ne</span> <span class='ocrx_word' id='word_1_189' title='bbox 1312 1379 1400 1423; x_wconf 90' lang='lat' dir='ltr'>quid</span> 
     </span>
     <span class='ocr_line' id='line_1_21' title="bbox 167 1437 778 1474; baseline -0.002 -1"><span class='ocrx_word' id='word_1_190' title='bbox 167 1438 302 1474; x_wconf 88' lang='lat' dir='ltr'>emisse</span> <span class='ocrx_word' id='word_1_191' title='bbox 318 1438 403 1474; x_wconf 91' lang='lat' dir='ltr'>velit</span> <span class='ocrx_word' id='word_1_192' title='bbox 421 1438 599 1473; x_wconf 88' lang='lat' dir='ltr'>insciente</span> <span class='ocrx_word' id='word_1_193' title='bbox 616 1437 778 1472; x_wconf 88' lang='lat' dir='ltr'>domino.</span> 
     </span>
    </p>
   </div>
   <div class='ocr_carea' id='block_1_9' title="bbox 167 1507 1399 1609">
    <p class='ocr_par' dir='ltr' id='par_1_9' title="bbox 167 1507 1399 1609">
     <span class='ocr_line' id='line_1_22' title="bbox 216 1507 1399 1554; baseline -0.003 -11"><span class='ocrx_word' id='word_1_194' title='bbox 216 1509 267 1553; x_wconf 88' lang='grc'>(5)</span> <span class='ocrx_word' id='word_1_195' title='bbox 296 1508 452 1554; x_wconf 87' lang='lat' dir='ltr'>Pluperf.</span> <span class='ocrx_word' id='word_1_196' title='bbox 470 1508 545 1543; x_wconf 90' lang='lat' dir='ltr'>ind.</span> <span class='ocrx_word' id='word_1_197' title='bbox 563 1508 619 1542; x_wconf 88' lang='lat' dir='ltr'>for</span> <span class='ocrx_word' id='word_1_198' title='bbox 635 1508 725 1553; x_wconf 91' lang='lat' dir='ltr'>perf.</span> <span class='ocrx_word' id='word_1_199' title='bbox 743 1520 749 1542; x_wconf 91' lang='lat'>:</span> <span class='ocrx_word' id='word_1_200' title='bbox 776 1520 807 1543; x_wconf 95' lang='lat' dir='ltr'>e.</span> <span class='ocrx_word' id='word_1_201' title='bbox 819 1519 853 1552; x_wconf 87' lang='lat' dir='ltr'>g.</span> <span class='ocrx_word' id='word_1_202' title='bbox 870 1508 976 1553; x_wconf 85' lang='lat' dir='ltr'>Capt.</span> <span class='ocrx_word' id='word_1_203' title='bbox 994 1517 1059 1551; x_wconf 88' lang='lat'>194</span> <span class='ocrx_word' id='word_1_204' title='bbox 1079 1507 1128 1541; x_wconf 90' lang='lat' dir='ltr'>ad</span> <span class='ocrx_word' id='word_1_205' title='bbox 1145 1507 1309 1549; x_wconf 80' lang='lat' dir='ltr'>fratrem,</span> <span class='ocrx_word' id='word_1_206' title='bbox 1329 1519 1399 1551; x_wconf 90' lang='lat' dir='ltr'>quo</span> 
     </span>
     <span class='ocr_line' id='line_1_23' title="bbox 167 1566 648 1609; baseline 0.002 -9"><span class='ocrx_word' id='word_1_207' title='bbox 167 1567 220 1602; x_wconf 90' lang='lat' dir='ltr'>ire</span> <span class='ocrx_word' id='word_1_208' title='bbox 238 1566 415 1609; x_wconf 88' lang='lat' dir='ltr'>dixeram,</span> <span class='ocrx_word' id='word_1_209' title='bbox 433 1578 519 1601; x_wconf 88' lang='lat' dir='ltr'>mox</span> <span class='ocrx_word' id='word_1_210' title='bbox 536 1566 648 1601; x_wconf 86' lang='lat' dir='ltr'>ivero.</span> 
     </span>
    </p>
   </div>
   <div class='ocr_carea' id='block_1_10' title="bbox 167 1636 1399 1796">
    <p class='ocr_par' dir='ltr' id='par_1_10' title="bbox 167 1636 1399 1796">
     <span class='ocr_line' id='line_1_24' title="bbox 215 1636 1399 1682; baseline -0.003 -11"><span class='ocrx_word' id='word_1_211' title='bbox 215 1636 267 1682; x_wconf 89' lang='lat'>(6)</span> <span class='ocrx_word' id='word_1_212' title='bbox 295 1638 377 1671; x_wconf 85' lang='lat' dir='ltr'>Fut.</span> <span class='ocrx_word' id='word_1_213' title='bbox 403 1636 492 1681; x_wconf 89' lang='lat' dir='ltr'>perf.</span> <span class='ocrx_word' id='word_1_214' title='bbox 520 1636 595 1670; x_wconf 85' lang='lat' dir='ltr'>ind.</span> <span class='ocrx_word' id='word_1_215' title='bbox 620 1636 677 1670; x_wconf 86' lang='lat' dir='ltr'>for</span> <span class='ocrx_word' id='word_1_216' title='bbox 702 1636 791 1670; x_wconf 89' lang='lat' dir='ltr'>fut.:</span> <span class='ocrx_word' id='word_1_217' title='bbox 822 1647 898 1680; x_wconf 88' lang='lat' dir='ltr'>e.g.</span> <span class='ocrx_word' id='word_1_218' title='bbox 919 1638 1025 1681; x_wconf 87' lang='lat' dir='ltr'>Capt.</span> <span class='ocrx_word' id='word_1_219' title='bbox 1050 1645 1143 1680; x_wconf 80' lang='lat'>1943</span> <span class='ocrx_word' id='word_1_220' title='bbox 1174 1637 1256 1670; x_wconf 90' lang='lat' dir='ltr'>Aul.</span> <span class='ocrx_word' id='word_1_221' title='bbox 1277 1645 1309 1676; x_wconf 86' lang='lat'>4.</span> <span class='ocrx_word' id='word_1_222' title='bbox 1330 1643 1360 1678; x_wconf 89' lang='lat'>5.</span> <span class='ocrx_word' id='word_1_223' title='bbox 1379 1636 1399 1667; x_wconf 90' lang='lat'>6</span> 
     </span>
     <span class='ocr_line' id='line_1_25' title="bbox 167 1693 1398 1739; baseline -0.002 -11"><span class='ocrx_word' id='word_1_224' title='bbox 167 1694 344 1739; x_wconf 89' lang='lat' dir='ltr'>tantisper</span> <span class='ocrx_word' id='word_1_225' title='bbox 368 1694 440 1728; x_wconf 93' lang='lat' dir='ltr'>huc</span> <span class='ocrx_word' id='word_1_226' title='bbox 466 1705 536 1738; x_wconf 86' lang='lat' dir='ltr'>ego</span> <span class='ocrx_word' id='word_1_227' title='bbox 564 1694 612 1727; x_wconf 91' lang='lat' dir='ltr'>ad</span> <span class='ocrx_word' id='word_1_228' title='bbox 641 1693 790 1727; x_wconf 87' lang='lat' dir='ltr'>ianuam</span> <span class='ocrx_word' id='word_1_229' title='bbox 816 1705 1035 1728; x_wconf 90' lang='lat' dir='ltr'>concessero</span> <span class='ocrx_word' id='word_1_230' title='bbox 1056 1707 1062 1735; x_wconf 88' lang='lat'>;</span> <span class='ocrx_word' id='word_1_231' title='bbox 1097 1693 1234 1727; x_wconf 85' lang='lat' dir='ltr'>Bacch.</span> <span class='ocrx_word' id='word_1_232' title='bbox 1256 1703 1285 1725; x_wconf 87' lang='lat'>2.</span> <span class='ocrx_word' id='word_1_233' title='bbox 1305 1702 1336 1725; x_wconf 89' lang='lat'>2.</span> <span class='ocrx_word' id='word_1_234' title='bbox 1356 1702 1398 1735; x_wconf 86' lang='lat'>33</span> 
     </span>
     <span class='ocr_line' id='line_1_26' title="bbox 167 1751 715 1796; baseline -0.002 -10"><span class='ocrx_word' id='word_1_235' title='bbox 167 1751 281 1786; x_wconf 90' lang='lat' dir='ltr'>immo</span> <span class='ocrx_word' id='word_1_236' title='bbox 297 1752 420 1787; x_wconf 89' lang='lat' dir='ltr'>hercle</span> <span class='ocrx_word' id='word_1_237' title='bbox 437 1752 563 1786; x_wconf 89' lang='lat' dir='ltr'>abiero</span> <span class='ocrx_word' id='word_1_238' title='bbox 581 1751 715 1796; x_wconf 88' lang='lat' dir='ltr'>potius.</span> 
     </span>
    </p>
   </div>
   <div class='ocr_carea' id='block_1_11' title="bbox 167 1820 1399 1926">
    <p class='ocr_par' dir='ltr' id='par_1_11' title="bbox 167 1820 1399 1926">
     <span class='ocr_line' id='line_1_27' title="bbox 216 1820 1399 1867; baseline -0.003 -10"><span class='ocrx_word' id='word_1_239' title='bbox 216 1822 266 1867; x_wconf 87' lang='lat'>(7)</span> <span class='ocrx_word' id='word_1_240' title='bbox 294 1824 394 1857; x_wconf 87' lang='lat' dir='ltr'>Pres.</span> <span class='ocrx_word' id='word_1_241' title='bbox 409 1822 502 1867; x_wconf 91' lang='lat' dir='ltr'>subj.</span> <span class='ocrx_word' id='word_1_242' title='bbox 515 1821 572 1857; x_wconf 88' lang='lat' dir='ltr'>for</span> <span class='ocrx_word' id='word_1_243' title='bbox 585 1822 674 1867; x_wconf 82' lang='lat' dir='ltr'>perf.</span> <span class='ocrx_word' id='word_1_244' title='bbox 690 1821 728 1856; x_wconf 90' lang='lat' dir='ltr'>in</span> <span class='ocrx_word' id='word_1_245' title='bbox 745 1820 1001 1866; x_wconf 85' lang='lat' dir='ltr'>prohibitions,</span> <span class='ocrx_word' id='word_1_246' title='bbox 1014 1822 1178 1856; x_wconf 90' lang='lat' dir='ltr'>whether</span> <span class='ocrx_word' id='word_1_247' title='bbox 1195 1821 1399 1855; x_wconf 85' lang='lat' dir='ltr'>addressed</span> 
     </span>
     <span class='ocr_line' id='line_1_28' title="bbox 167 1881 1064 1926; baseline -0.002 -10"><span class='ocrx_word' id='word_1_248' title='bbox 167 1889 204 1915; x_wconf 92' lang='lat' dir='ltr'>to</span> <span class='ocrx_word' id='word_1_249' title='bbox 222 1894 245 1916; x_wconf 90' lang='lat' dir='ltr'>a</span> <span class='ocrx_word' id='word_1_250' title='bbox 262 1881 413 1916; x_wconf 87' lang='lat' dir='ltr'>definite</span> <span class='ocrx_word' id='word_1_251' title='bbox 431 1892 567 1926; x_wconf 89' lang='lat' dir='ltr'>person</span> <span class='ocrx_word' id='word_1_252' title='bbox 585 1892 628 1915; x_wconf 93' lang='lat' dir='ltr'>or</span> <span class='ocrx_word' id='word_1_253' title='bbox 644 1887 708 1915; x_wconf 91' lang='lat' dir='ltr'>not</span> <span class='ocrx_word' id='word_1_254' title='bbox 724 1892 730 1914; x_wconf 95' lang='lat'>:</span> <span class='ocrx_word' id='word_1_255' title='bbox 758 1892 790 1915; x_wconf 91' lang='lat' dir='ltr'>e.</span> <span class='ocrx_word' id='word_1_256' title='bbox 801 1891 835 1924; x_wconf 87' lang='lat' dir='ltr'>g.</span> <span class='ocrx_word' id='word_1_257' title='bbox 856 1881 964 1924; x_wconf 89' lang='lat' dir='ltr'>Capt.</span> <span class='ocrx_word' id='word_1_258' title='bbox 986 1881 1064 1924; x_wconf 86' lang='lat'>548.</span> 
     </span>
    </p>
   </div>
   <div class='ocr_carea' id='block_1_12' title="bbox 122 1962 342 1997">
    <p class='ocr_par' dir='ltr' id='par_1_12' title="bbox 122 1962 342 1997">
     <span class='ocr_line' id='line_1_29' title="bbox 122 1962 342 1997; baseline 0.005 -2"><span class='ocrx_word' id='word_1_259' title='bbox 122 1972 152 1995; x_wconf 89' lang='lat'>2.</span> <span class='ocrx_word' id='word_1_260' title='bbox 182 1962 319 1997; x_wconf 92' lang='lat' dir='ltr'>Moods</span> <span class='ocrx_word' id='word_1_261' title='bbox 336 1974 342 1996; x_wconf 93' lang='lat'><strong>:</strong></span> 
     </span>
    </p>
   </div>
   <div class='ocr_carea' id='block_1_13' title="bbox 169 2030 1399 2376">
    <p class='ocr_par' dir='ltr' id='par_1_13' title="bbox 169 2030 1399 2192">
     <span class='ocr_line' id='line_1_30' title="bbox 215 2030 1399 2076; baseline -0.002 -10"><span class='ocrx_word' id='word_1_262' title='bbox 215 2031 267 2075; x_wconf 88' lang='lat'>(1)</span> <span class='ocrx_word' id='word_1_263' title='bbox 296 2031 377 2066; x_wconf 89' lang='lat' dir='ltr'>Ind.</span> <span class='ocrx_word' id='word_1_264' title='bbox 406 2032 461 2075; x_wconf 89' lang='lat' dir='ltr'>(as</span> <span class='ocrx_word' id='word_1_265' title='bbox 491 2032 571 2067; x_wconf 91' lang='lat' dir='ltr'>well</span> <span class='ocrx_word' id='word_1_266' title='bbox 597 2043 639 2066; x_wconf 91' lang='lat' dir='ltr'>as</span> <span class='ocrx_word' id='word_1_267' title='bbox 673 2030 781 2076; x_wconf 87' lang='lat' dir='ltr'>subj.)</span> <span class='ocrx_word' id='word_1_268' title='bbox 813 2031 849 2065; x_wconf 89' lang='lat' dir='ltr'>in</span> <span class='ocrx_word' id='word_1_269' title='bbox 880 2030 1035 2066; x_wconf 87' lang='lat' dir='ltr'>indirect</span> <span class='ocrx_word' id='word_1_270' title='bbox 1065 2030 1279 2075; x_wconf 84' lang='lat' dir='ltr'>questions:</span> <span class='ocrx_word' id='word_1_271' title='bbox 1321 2042 1351 2064; x_wconf 90' lang='lat' dir='ltr'>e.</span> <span class='ocrx_word' id='word_1_272' title='bbox 1363 2042 1399 2074; x_wconf 86' lang='lat' dir='ltr'>g.</span> 
     </span>
     <span class='ocr_line' id='line_1_31' title="bbox 170 2089 1398 2134; baseline -0.002 -11"><span class='ocrx_word' id='word_1_273' title='bbox 170 2090 269 2124; x_wconf 89' lang='lat' dir='ltr'>Pers.</span> <span class='ocrx_word' id='word_1_274' title='bbox 294 2099 327 2132; x_wconf 87' lang='lat'>4.</span> <span class='ocrx_word' id='word_1_275' title='bbox 351 2099 383 2132; x_wconf 87' lang='lat'>4.</span> <span class='ocrx_word' id='word_1_276' title='bbox 406 2099 470 2133; x_wconf 89' lang='lat'>103</span> <span class='ocrx_word' id='word_1_277' title='bbox 498 2090 611 2124; x_wconf 88' lang='lat' dir='ltr'>audin</span> <span class='ocrx_word' id='word_1_278' title='bbox 642 2089 729 2134; x_wconf 91' lang='lat' dir='ltr'>quid</span> <span class='ocrx_word' id='word_1_279' title='bbox 757 2089 831 2123; x_wconf 89' lang='lat' dir='ltr'>ait?</span> <span class='ocrx_word' id='word_1_280' title='bbox 882 2089 1018 2133; x_wconf 88' lang='lat' dir='ltr'>Amph.</span> <span class='ocrx_word' id='word_1_281' title='bbox 1049 2099 1076 2122; x_wconf 90' lang='lat'>1.</span> <span class='ocrx_word' id='word_1_282' title='bbox 1100 2098 1127 2122; x_wconf 86' lang='grc' dir='ltr'>Ι.</span> <span class='ocrx_word' id='word_1_283' title='bbox 1154 2098 1218 2122; x_wconf 88' lang='lat'>221</span> <span class='ocrx_word' id='word_1_284' title='bbox 1251 2089 1398 2132; x_wconf 87' lang='lat' dir='ltr'>loquere</span> 
     </span>
     <span class='ocr_line' id='line_1_32' title="bbox 169 2146 1149 2192; baseline 0 -11"><span class='ocrx_word' id='word_1_285' title='bbox 169 2147 257 2191; x_wconf 93' lang='lat' dir='ltr'>quid</span> <span class='ocrx_word' id='word_1_286' title='bbox 274 2147 429 2191; x_wconf 81' lang='lat' dir='ltr'>venisti3</span> <span class='ocrx_word' id='word_1_287' title='bbox 459 2149 563 2192; x_wconf 91' lang='lat' dir='ltr'>Capt.</span> <span class='ocrx_word' id='word_1_288' title='bbox 583 2157 649 2190; x_wconf 89' lang='lat'>207</span> <span class='ocrx_word' id='word_1_289' title='bbox 669 2148 787 2183; x_wconf 88' lang='lat' dir='ltr'>sentio</span> <span class='ocrx_word' id='word_1_290' title='bbox 806 2159 918 2192; x_wconf 83' lang='lat' dir='ltr'>quarn</span> <span class='ocrx_word' id='word_1_291' title='bbox 935 2159 1013 2181; x_wconf 90' lang='lat' dir='ltr'>rem</span> <span class='ocrx_word' id='word_1_292' title='bbox 1031 2146 1149 2191; x_wconf 85' lang='lat' dir='ltr'>agitis.</span> 
     </span>
    </p>

    <p class='ocr_par' dir='ltr' id='par_1_14' title="bbox 171 2215 1396 2319">
     <span class='ocr_line' id='line_1_33' title="bbox 217 2215 1396 2261; baseline -0.001 -11"><span class='ocrx_word' id='word_1_293' title='bbox 217 2215 270 2260; x_wconf 86' lang='lat'>(2)</span> <span class='ocrx_word' id='word_1_294' title='bbox 298 2216 368 2251; x_wconf 87' lang='lat' dir='ltr'>Inf.</span> <span class='ocrx_word' id='word_1_295' title='bbox 394 2217 436 2250; x_wconf 88' lang='lat' dir='ltr'>of</span> <span class='ocrx_word' id='word_1_296' title='bbox 454 2228 637 2261; x_wconf 85' lang='lat' dir='ltr'>purpose:</span> <span class='ocrx_word' id='word_1_297' title='bbox 678 2228 709 2250; x_wconf 93' lang='lat' dir='ltr'>e.</span> <span class='ocrx_word' id='word_1_298' title='bbox 721 2228 755 2261; x_wconf 86' lang='lat' dir='ltr'>g.</span> <span class='ocrx_word' id='word_1_299' title='bbox 786 2215 886 2251; x_wconf 89' lang='lat' dir='ltr'>Trin.</span> <span class='ocrx_word' id='word_1_300' title='bbox 913 2226 945 2259; x_wconf 86' lang='lat'>4.</span> <span class='ocrx_word' id='word_1_301' title='bbox 974 2226 1004 2261; x_wconf 85' lang='lat'>3.</span> <span class='ocrx_word' id='word_1_302' title='bbox 1032 2217 1051 2250; x_wconf 90' lang='grc'>8</span> <span class='ocrx_word' id='word_1_303' title='bbox 1079 2227 1223 2251; x_wconf 83' lang='lat' dir='ltr'>recurre</span> <span class='ocrx_word' id='word_1_304' title='bbox 1250 2222 1396 2260; x_wconf 83' lang='lat' dir='ltr'>petere3</span> 
     </span>
     <span class='ocr_line' id='line_1_34' title="bbox 171 2274 707 2319; baseline 0.002 -11"><span class='ocrx_word' id='word_1_305' title='bbox 171 2274 261 2309; x_wconf 87' lang='lat' dir='ltr'>Cist.</span> <span class='ocrx_word' id='word_1_306' title='bbox 281 2284 312 2309; x_wconf 91' lang='lat'>2.</span> <span class='ocrx_word' id='word_1_307' title='bbox 334 2284 363 2309; x_wconf 91' lang='lat'>1.</span> <span class='ocrx_word' id='word_1_308' title='bbox 383 2275 426 2309; x_wconf 84' lang='lat'>26</span> <span class='ocrx_word' id='word_1_309' title='bbox 443 2275 503 2310; x_wconf 90' lang='lat' dir='ltr'>abi</span> <span class='ocrx_word' id='word_1_310' title='bbox 522 2286 707 2319; x_wconf 88' lang='lat' dir='ltr'>quaerere.</span> 
     </span>
    </p>

    <p class='ocr_par' dir='ltr' id='par_1_15' title="bbox 726 2352 747 2376">
     <span class='ocr_line' id='line_1_35' title="bbox 726 2352 747 2376; baseline 0 0"><span class='ocrx_word' id='word_1_311' title='bbox 726 2352 747 2376; x_wconf 89' lang='grc' dir='ltr'><em>Β</em></span> 
     </span>
    </p>
   </div>
  </div>
 </body>
</html>
