1602 2475
392 467 590 506 METRA
621 470 790 508 HVIVS
821 470 1083 509 FABVLAE.

298 583 373 615 Ver.
394 593 406 615 1
426 585 468 615 ad
494 593 555 627 194
579 585 712 618 iambici
736 587 853 617 senarii
892 588 928 627 (υ
943 585 987 625 —')

320 663 340 678 ‚,
391 648 448 681 195
474 645 505 671 et
531 639 591 682 196
614 641 751 672 iambici
775 642 936 672 octonarii

320 718 339 733 „
391 701 450 735 197
474 694 636 727 iambicus
659 696 796 728 dimeter
818 696 1015 728 acatalectus

319 773 341 787 ‚‚
390 749 450 790 198
474 754 505 781 et
532 758 592 791 199
614 750 749 782 iambici
773 752 933 782 octonarii

318 827 338 841 „
389 812 450 834 200
473 809 504 836 et
531 814 589 836 202
613 805 748 837 iambici
773 806 891 837 senarii

319 883 339 897 ‚,
389 868 446 889 201
473 864 504 891 et
531 869 591 899 203
615 860 752 892 iambici
775 862 934 893 octonarii

319 936 338 951 „
387 922 449 954 204
471 918 503 945 et
528 923 588 954 205
614 915 722 946 cretici
744 916 923 947 tetrametri
946 917 1116 948 acatalecti
1160 917 1197 957 (ί
1211 918 1283 958 υ-)

320 992 339 1006 ‚‚
389 967 450 999 206
474 969 636 1000 iambicus
661 971 848 1002 octonarius

330 1047 338 1059 ,
389 1031 448 1064 207
472 1024 606 1055 creticus
627 1029 812 1056 tetrameter
834 1026 1032 1058 acatalectus

320 1101 340 1116 „
390 1079 449 1108 208
473 1083 504 1110 et
530 1088 592 1120 209
615 1079 774 1111 trochaici
797 1082 957 1112 octonarii
1007 1081 1042 1122 (L
1056 1082 1091 1118 υ)

317 1156 338 1171 ,,
387 1141 448 1163 210
471 1139 503 1165 et
528 1143 586 1164 211
613 1135 720 1166 cretici
743 1137 919 1167 tetrametri
943 1135 1111 1168 acatalecti

319 1211 338 1226 ‚,
388 1196 447 1217 212
473 1189 605 1220 creticus
629 1189 766 1221 dimeter
788 1191 986 1222 acatalectus

316 1266 337 1280 „
386 1251 447 1282 213
471 1243 514 1274 ad
539 1253 601 1284 224
624 1245 731 1275 cretici
753 1246 930 1277 tetrametri
953 1246 1122 1277 acatalecti

318 1321 338 1336 ‚,
390 1305 449 1337 225
473 1298 633 1329 iambicus
656 1299 794 1330 dimeter
817 1300 1017 1332 acatalectus

328 1376 336 1389 ‚
387 1352 449 1383 226
472 1352 516 1383 ad
541 1362 602 1392 230
625 1354 793 1386 bacchiaci
815 1356 992 1386 tetrametri
1016 1355 1185 1386 acatalecti
1233 1357 1305 1395 (04
1319 1358 1355 1396 -)

329 1431 338 1444 ‚
387 1415 446 1446 231
472 1407 631 1440 iambicus
654 1409 857 1450 septenarius

331 1486 338 1499 ‚
388 1470 447 1501 232
473 1463 609 1494 creticus
630 1468 816 1495 tetrameter
839 1465 1037 1496 acatalectus

320 1540 340 1554 „
388 1524 450 1555 233
475 1517 610 1548 creticus
633 1517 771 1549 dimeter
796 1519 994 1551 acatalectus

317 1594 338 1608 ‚,
388 1578 450 1611 234
473 1570 515 1601 ad
541 1580 602 1612 239
627 1573 735 1603 cretici
758 1574 934 1604 tetrametri
957 1574 1128 1605 acatalecti

317 1649 335 1663 ,‚
385 1634 446 1665 240
468 1629 501 1656 et
528 1635 586 1666 241
611 1626 770 1658 trochaici
794 1628 954 1659 octonarii

316 1704 338 1718 ,‚
387 1688 446 1720 242
473 1679 515 1711 ad
540 1680 603 1720 360
626 1682 783 1713 trochaici
807 1683 981 1724 septenarii

318 1758 340 1773 „
385 1733 444 1774 361
471 1734 515 1765 ad
539 1736 603 1776 384
624 1736 757 1768 iambici
779 1737 897 1768 senarii

316 1813 335 1827 ‚‚
384 1789 445 1828 385
470 1789 513 1820 ad
536 1796 600 1831 497
624 1791 781 1822 trochaici
805 1793 978 1833 septenarii

318 1868 338 1882 ,‚
383 1845 448 1885 498
473 1844 667 1876 bacchiacus
690 1846 827 1878 dimeter
849 1848 1049 1879 acataleetus

315 1922 338 1937 ‚‚
383 1908 449 1940 499
473 1899 516 1930 ad
540 1909 599 1940 502
625 1900 794 1932 bacchiaci
816 1903 992 1933 tetrametri
1016 1902 1187 1933 acatalecti

318 1977 336 1991 ‚‚
385 1963 448 1994 503
473 1953 666 1986 bacchiacus
688 1956 826 1987 dimeter
848 1957 1046 1988 acatalectus

317 2031 338 2047 ‚‚
387 2017 451 2049 504
473 2009 668 2041 bacchiacus
689 2015 872 2042 tetrameter
896 2011 1090 2042 acatalectus

315 2086 337 2101 ,‚
384 2073 446 2104 505
471 2064 631 2096 iambicus
654 2067 796 2097 senarius

318 2142 338 2156 ,‚
386 2118 449 2159 506
474 2124 505 2152 et
529 2128 591 2161 507
616 2121 749 2151 iambici
772 2121 902 2152 dimetri
926 2122 1096 2152 acatalecti

331 2198 338 2211 ,
386 2173 448 2213 508
472 2175 631 2205 iambicus
655 2175 792 2206 dimeter
816 2176 1022 2207 catalecticus

320 2252 339 2266 ‚‚
388 2237 451 2269 509
475 2229 669 2261 bacchiacus
692 2230 828 2260 dimeter
850 2230 1046 2262 acataleetus

318 2305 341 2321 „
387 2291 450 2323 510
472 2284 515 2315 ad
538 2293 599 2326 515
625 2285 758 2316 iambici
782 2285 953 2327 septenarii
