1602 2475
75 100 100 131 I.
118 101 148 131 2.
165 108 281 141 30-59.
619 105 853 141 CAPTIVI.
1344 112 1391 153 3¹

75 219 164 252 HE.
203 213 263 251 Ne
306 213 365 252 fle.
435 220 522 255 ER.
561 214 701 264 Egone
742 214 850 251 illum
893 214 972 250 non
1012 213 1155 251 fleam?
1204 225 1277 262 ego
1320 225 1399 250 non

291 277 455 315 defleam
908 272 918 276 ”
1361 292 1400 321 30

77 339 216 377 Talem
245 339 556 378 adulescentem?
613 346 703 378 HE.
737 339 896 390 Semper
926 340 1029 377 sensi
1058 339 1137 376 filio
1326 342 1399 376 140

77 404 171 443 Meo
200 404 237 443 te
267 418 351 444 esse
380 406 549 443 amicum
579 413 615 444 et
646 406 755 443 illum
784 405 956 443 intellexi
984 405 1062 442 tibi.

76 476 161 508 ER,
192 471 299 508 Tum
328 471 494 522 denique
523 471 703 509 homines
733 472 864 509 nostra
893 468 1148 520 intellegimus
1176 470 1292 515 bona,

78 536 211 583 Quom
240 549 338 587 quae
366 538 407 574 in
434 543 625 583 potestate
656 537 862 575 habuimus
892 550 938 574 ea
966 536 1177 574 amisimus.
1364 551 1400 582 35

77 601 175 651 Ego,
205 602 411 652 postquam
440 609 581 653 gnatus
609 601 698 641 ttius
726 604 888 653 potitust
915 603 1094 651 hostium,
1114 592 1122 623 j
1153 619 1169 629 υ

77 667 270 717 Expertus
299 669 432 718 quanti
460 667 584 715 fuerit,
615 681 720 706 nunc
751 669 938 706 desidero.
1108 672 1112 675 χ
1329 671 1402 704 145

79 739 167 771 HE.
198 733 357 772 Alienus
386 747 507 784 quom
537 736 618 772 eius
642 735 937 773 incommodum
966 742 1045 772 tam
1075 734 1190 783 aegre
1218 734 1329 780 feras,

80 799 185 846 Quid
213 798 276 837 me
303 808 450 851 patrem
479 814 548 850 par
577 800 747 847 facerest‚
778 803 870 851 quoi
901 802 996 839 illest
1026 799 1188 839 unicus?

81 870 166 903 ER.
195 864 282 914 Ego
310 865 485 904 alienus?
515 866 660 905 alienus
690 867 775 905 ille?
806 868 866 913 ah,
899 866 1042 916 Hegio,
1363 883 1405 912 40

81 931 307 981 Numquam
335 933 431 970 istuc
462 933 560 983 dQ
588 933 714 982 neque
744 934 918 970 animum
947 933 1101 979 induxis
1131 941 1266 970 tuum:

35 1003 39 1007 ”
81 997 174 1034 Tibi
203 997 264 1035 ille
292 996 440 1044 unicus,
470 998 563 1035 mihi
591 999 706 1035 etiam
735 997 849 1036 unico
880 999 1004 1048 magis
1033 998 1196 1035 unicust.
1332 1002 1406 1035 150

82 1068 172 1101 HE.
200 1062 349 1108 Laudo,
378 1063 525 1100 malum
553 1076 673 1113 quom
702 1065 817 1101 amici
847 1071 955 1101 tuum
987 1064 1094 1101 ducis
1123 1064 1279 1112 malum.
1317 1073 1403 1101 ῖ

83 1127 331 1177 Nun-*habe
354 1128 503 1173 bonum
534 1129 717 1167 animum.
775 1134 868 1171 ER.
893 1129 1006 1167 Oiei:
1038 1129 1126 1165 huic
1156 1127 1236 1165 illut
1260 1113 1379 1173 dolet,
1428 1128 1458 1135 ”

0 1179 78 1207 Μ’*
84 1176 209 1239 Quia
215 1189 328 1231 nur'ic
345 1187 530 1231 'remissus
559 1193 615 1231 est
644 1193 789 1232 edundi
807 1188 1033 1232 exercitus.
1365 1210 1405 1240 45
1434 1191 1435 1195 ¹
1482 1180 1484 1183 Ι

84 1264 174 1296 HE.
204 1258 414 1297 Nullumne
442 1260 586 1296 interea
616 1259 802 1306 nanctu',s
834 1261 899 1310 qui
928 1260 1059 1310 posset
1087 1261 1153 1296 tibi

86 1323 310 1361 Remissum
338 1336 455 1374 quem
484 1325 579 1362 dixti
608 1326 798 1374 imperare
828 1326 1063 1363 exercitum?
1335 1329 1406 1361 155

85 1394 169 1426 ER.
201 1388 307 1435 Quid
335 1389 482 1428 credis?
510 1390 677 1439 fugitant
706 1391 842 1428 omnes
872 1391 973 1428 hanc
1003 1391 1257 1440 prouinciam,

87 1453 192 1500 Quoi
220 1455 423 1503 optigerat,
451 1462 540 1505 post
568 1456 858 1506 Philopolemus
888 1469 1006 1507 quam
1036 1455 1188 1505 captust
1217 1463 1315 1492 tuus.

86 1524 176 1556 HE.
206 1519 300 1556 Non
327 1520 393 1569 pol
421 1521 675 1559 mirandumst
702 1521 864 1571 fugitare
894 1522 993 1559 hane
1023 1522 1279 1571 prouinciam.
1368 1537 1408 1566 50

86 1583 221 1621 Multis
250 1591 287 1622 et
314 1585 634 1634 multigeneribus
664 1599 762 1636 opus
791 1587 848 1624 est
876 1588 943 1626 tibi

87 1648 297 1688 Militibus:
328 1651 591 1700 primumdum
620 1651 719 1701 opus
749 1652 1079 1691 Pistoriensibust:
1335 1654 1408 1687 160

86 1713 234 1752 Eorum
262 1714 407 1765 aliquot
435 1729 579 1766 genera
609 1716 699 1755 sunt
727 1717 1040 1755 Pistoriensium:

87 1779 263 1817 Paniceis
291 1793 388 1830 opus
418 1788 485 1827 est,
515 1782 613 1832 opus
644 1782 875 1820 Placentinis
904 1795 1068 1832 quoque,

89 1843 200 1894 Opus
230 1844 474 1894 Turdetanis,
505 1848 621 1896 opust
651 1847 987 1885 Ficedulensibus:

89 1908 194 1946 Tum
223 1909 415 1948 maritumi
444 1925 580 1950 omnes
608 1913 747 1950 milites
777 1926 874 1962 opus
904 1912 991 1950 sunt
1020 1914 1097 1949 tibi.

89 1979 175 2011 ER.
204 1975 258 2012 Vt
287 1976 402 2026 saepe
433 1990 584 2015 summa
614 1977 768 2026 ingenia
796 1979 836 2014 in
864 1978 1016 2016 occulto
1046 1978 1188 2014 latent:
1336 1980 1409 2013 165

90 2038 169 2076 Hic
200 2039 321 2089 qualis
349 2042 560 2091 imperator
590 2055 693 2080 nunc
723 2042 896 2092 priuatus
925 2050 992 2080 est.

91 2110 180 2143 HE.
223 2105 338 2144 Habe
378 2108 496 2146 modo
539 2110 687 2147 bonum
728 2109 910 2146 animum.
968 2122 1058 2146 nam
1107 2110 1211 2146 illum
1256 2109 1411 2147 confido

308 2172 466 2210 domum

693 2246 867 2255 -----
