1602 2475
201 88 258 127 42
764 81 871 116 PLA
884 82 978 116 νγ]
1303 76 1350 108 11.
1365 77 1395 108 3.
1415 85 1529 119 14-39.

204 191 337 238 Quom
367 190 521 240 copiam
550 191 663 229 istam
691 192 746 229 mi
775 191 813 230 et
832 191 1062 242 potestatem
1091 191 1196 237 facis,
1491 205 1530 234 14

202 256 256 293 Vt
284 269 356 306 ego
387 255 437 293 ad
465 257 634 306 parentis
663 255 766 295 htinc
795 257 985 294 remittam
1015 255 1205 303 mintium,
1451 257 1528 292 375

203 321 282 368 Qui
310 321 374 359 me
403 322 497 372 quid
525 334 651 359 rerum
680 322 741 360 hic
772 321 914 372 agitem
943 330 980 360 et
1009 322 1100 372 quid
1129 321 1211 359 fieri
1237 320 1365 366 uelim,

202 386 305 424 Patri
332 399 422 425 meo
451 387 585 425 ordine
615 387 775 424 omnem
804 399 886 425 rem
914 387 1000 425 illuc
1029 387 1203 438 perferat.

202 452 320 491 Nunc
349 453 401 490 ita
431 453 611 490 conuenit
640 453 736 490 inter
764 465 827 491 me
856 460 970 503 atque
999 452 1114 500 hunc,
1144 452 1337 502 Tfndaoe,

201 517 254 555 Vt
282 526 319 556 te
349 517 604 555 aestumatum
633 518 673 554 in
702 509 855 556 Alidem
884 519 1033 556 mittam
1061 517 1111 556 ad
1139 526 1309 568 patrem:
1490 533 1529 564 19

202 583 241 620 Si
271 583 352 621 non
381 584 532 629 rebitas,
563 583 651 620 huic
682 590 723 620 ut
751 584 889 634 uiginti
916 585 1040 622 minas
1452 583 1528 619 380

202 648 303 686 Dem
331 649 402 698 pro'
432 656 478 687 te.
536 654 625 687 PH.
658 648 778 687 Recte
807 649 1036 688 conuenisse
1067 649 1197 688 sentio.

200 713 306 751 Nam
334 713 440 764 pater
469 722 645 763 expectat
674 713 738 752 aut
767 727 830 752 me
860 722 925 752 aut
954 715 1119 765 aliquem
1149 713 1337 759 mintium,

203 779 282 825 Qui
310 779 399 817 hinc
428 778 477 816 ad
507 792 546 817 se
575 780 714 818 ueniat.
771 785 857 818 ¹1¹Y.
887 769 994 830 Ergo
1025 781 1197 818 animum
1221 777 1399 817 aduortas
1425 778 1526 823 uolo,

202 845 314 891 Quae
344 842 520 882 nuntiare
550 844 639 882 hinc
668 844 704 882 te
733 846 823 883 uolo
852 846 892 882 in
921 846 1084 895 patriam
1113 844 1162 883 ad
1190 852 1348 895 patrem.

202 915 290 947 PH.
320 909 567 956 Philocrates,
598 918 638 947 ut
668 910 793 949 adhuc
823 911 996 949 locorum
1025 911 1110 957 feci,
1139 911 1277 949 faciam
1307 909 1451 955 sedulo,
1489 926 1526 956 25

200 960 253 1012 <ft
282 974 540 1024 potissumum
570 976 676 1025 quod
705 977 744 1013 in
773 988 854 1014 rem
883 976 985 1014 recte
1015 975 1206 1014 conducat
1235 983 1342 1013 tuam
1450 977 1526 1011 386

200 1030 246 1077 id
298 1047 490 1090 petessam
541 1040 580 1078 id
626 1040 908 1091 persequarque
965 1041 1081 1080 corde
1134 1049 1247 1091 atque
1302 1041 1433 1078 animo
1490 1048 1527 1077 et

470 1107 627 1145 uiribus.

200 1169 284 1210 TY,
315 1171 427 1210 Facis
454 1173 504 1209 ita
527 1180 568 1210 ut
594 1180 630 1210 te
656 1172 782 1210 facere
807 1180 979 1223 oportet:
1011 1171 1115 1210 minc
1145 1173 1317 1210 animum
1347 1170 1526 1210 aduortas

469 1238 572 1276 uolo.

200 1293 387 1340 Omnium
416 1301 584 1352 primum
613 1303 772 1340 salutem
803 1304 916 1341 dicito
945 1305 1058 1341 matri
1086 1303 1123 1341 et
1152 1303 1249 1354 patri
1487 1320 1524 1351 ²9

199 1357 248 1405 Et
278 1369 453 1417 cognatis
484 1367 520 1405 et
549 1369 698 1418 siquem
729 1369 845 1406 alium
875 1368 1173 1407 beneuolentem
1202 1369 1367 1407 uideris:
1448 1371 1524 1406 390

201 1430 267 1468 Me
295 1430 357 1468 hic
387 1430 514 1468 ualere
543 1437 581 1468 et
605 1430 824 1468 seruitutem
855 1431 996 1469 seruire
1026 1431 1112 1469 huic
1142 1431 1291 1470 homini
1319 1431 1492 1481 optumo,

201 1495 281 1542 Qui
308 1508 370 1533 me
400 1495 546 1533 honore
576 1495 837 1533 honestiorem
867 1496 1020 1546 semper
1050 1497 1137 1534 fecit
1166 1495 1203 1534 et
1233 1496 1329 1534 facit.

200 1566 290 1598 PH.
320 1549 425 1598 istuc
455 1574 505 1598 ne
533 1561 758 1611 praecipias,
788 1560 895 1598 facile
925 1561 1111 1599 memoria
1140 1562 1301 1599 memini
1327 1568 1467 1598 tamen.

200 1631 283 1664 TY.
315 1625 419 1663 Nam
448 1625 628 1676 equidem
658 1626 731 1664 nisi
760 1626 866 1676 quod
895 1625 1097 1664 custodem
1122 1627 1247 1664 habeo
1271 1626 1433 1663 liberum
1463 1639 1525 1663 me

469 1704 552 1730 esse
581 1691 752 1730 arbitror.
1448 1694 1522 1728 394

199 1758 329 1796 Dicito
350 1758 461 1807 patri,
483 1769 562 1807 quo
583 1765 697 1807 pacto
717 1758 811 1795 mihi
833 1756 972 1811 [nunc]
999 1771 1088 1811 cum
1107 1758 1182 1813 hoc
1202 1757 1423 1795 conuenerit
1483 1774 1522 1805 35

200 1822 261 1860 De
285 1821 399 1860 huius
428 1822 517 1860 fili6.
567 1828 656 1861 PH.
687 1823 799 1870 Quae
825 1824 996 1870 memini,
1021 1811 1296 1870 moratmerast
1322 1821 1523 1860 monerier.

201 1893 285 1925 ΤΥ.
315 1888 369 1925 Vt
411 1901 501 1926 eum
534 1888 698 1926 redimat
731 1887 769 1926 et
804 1890 971 1927 remittat
1002 1888 1178 1927 nostrum
1211 1887 1286 1926 huc
1323 1886 1524 1925 amborum

416 1955 553 1999 uicem-

202 2025 291 2056 PH.
322 2018 554 2057 Meminero.
614 2025 703 2058 HE.
733 2020 785 2058 At
815 2034 932 2071 quam
961 2022 1130 2071 primum
1158 2021 1325 2070 poterit:
1375 2021 1415 2057 in
1444 2034 1521 2058 rem

418 2086 606 2135 utriquest
635 2085 830 2124 maxume.

203 2156 291 2187 PH.
332 2149 425 2186 Non
455 2157 562 2187 tuum
593 2159 634 2188 tu
662 2151 785 2200 magis
815 2152 944 2190 uidere
973 2164 1091 2202 quam
1126 2151 1187 2190 ssle
1218 2164 1328 2190 suum
1363 2151 1524 2200 gnatum

419 2216 533 2265 cupit.
1484 2233 1523 2264 39
