1602 2475
563 95 670 129 PLA
683 96 776 129 VT!
804 95 1040 130 CAPTIVI.

353 202 428 233 Ver.
445 200 505 242 516
530 203 573 233 ad
596 211 659 243 524
681 203 816 234 iambici
840 203 999 234 octonarii

379 281 397 295 ‚‚
446 265 507 297 525
532 257 694 288 iambicus
717 258 862 289 senarius

373 336 395 350 ‚,
444 311 506 351 526
530 312 573 342 ad
598 321 657 351 532
684 311 841 343 trochaici
865 313 1038 354 septenarii

375 390 395 404 „
444 375 504 406 533
530 365 572 397 ad
596 375 659 406 540
681 367 816 398 iambici
839 367 1001 398 octonarii

375 445 395 459 ,‚
443 429 500 461 541
527 420 570 450 ad
593 419 656 460 658
681 421 840 452 trochaici
864 422 1038 463 septenarii

377 499 396 513 „
443 473 507 515 659
530 475 572 505 ad
598 474 658 516 767
682 475 819 507 iambici
843 476 960 507 senarii

375 554 396 568 „
444 528 505 570 768
529 533 561 560 et
587 529 648 571 769
672 530 831 562 trochaici
853 531 1026 572 septenarii

376 609 393 622 „
443 589 506 624 770
529 583 571 614 ad
597 585 660 624 780
683 584 816 616 iambici
839 586 998 617 octonarii
1022 606 1024 609 .

378 663 396 677 „
445 639 502 679 781
531 639 574 669 ad
599 639 660 679 783
685 639 852 671 bacchiaci
874 640 1052 671 tetrametri
1074 639 1245 671 acatalecti

377 719 396 731 ,,
445 694 510 734 784
532 693 695 725 iambicus
718 694 855 726 dimeter
879 695 1086 726 catalecticus

377 772 396 786 „
446 749 505 787 785
530 748 573 778 ad
598 754 659 789 790
682 749 850 780 bacchiaci
872 749 1048 780 tetrametri
1072 749 1242 780 acataleeti

374 827 396 841 ‚,
446 808 502 843 791
530 799 572 833 ad
595 804 658 844 908
682 803 838 835 trochaici
861 803 1036 845 septenarii

375 882 396 895 ,‚
443 867 507 898 909
530 857 572 888 ad
595 866 655 899 921
682 858 817 889 iambici
841 859 1000 890 octonarii

375 937 395 952 „
441 921 502 953 922
528 911 570 942 ad
594 920 657 954 927
682 913 852 944 bacchiaci
874 914 1050 945 tetrametri
1075 913 1245 945 acatalecti

375 991 395 1004 „
443 968 506 1008 928
530 972 562 998 et
585 976 648 1009 929
672 967 830 999 trochaici
854 968 1012 999 octonarii

377 1046 397 1060 ‚‚
443 1031 508 1063 930
531 1021 573 1053 ad
599 1021 683 1063 1036
706 1022 865 1055 trochaici
887 1023 1070 1064 septenarii.
