1602 2475
138 108 194 152 54
700 106 806 140 PLA
818 105 912 141 VTJ
1194 99 1258 131 111.
1276 100 1306 131 4.
1324 100 1462 139 84—103.

139 213 255 253 Nunc
292 227 366 265 ego
400 215 498 253 inter
532 213 683 254 sacrum
728 228 942 266 saxumque
982 215 1040 253 sto
1082 227 1152 253 nec
1194 214 1287 264 quid
1327 213 1463 251 faciam

357 293 450 319 seio.

139 352 230 384 HE.
265 346 328 384 Do
361 347 427 384 tibi
461 359 631 396 operam,
667 346 975 396 Aristophontes,
1012 346 1137 396 siquid
1172 353 1227 383 est
1261 344 1367 395 quod
1402 343 1464 382 me

356 412 464 450 uelis.
1423 418 1462 457 85

137 483 225 515 AR.
256 466 317 515 Ex
347 490 410 515 me
443 477 595 515 audibis
624 476 717 515 uera
747 491 845 528 quae
870 490 973 515 nunc
998 478 1092 515 salsa
1118 478 1288 527 opinare,
1311 477 1451 528 Hegio.

139 542 206 580 Set
235 544 402 592 primum
432 543 506 580 hoc
537 543 626 581 med
654 542 865 593 expurgare
897 544 964 580 tibi
994 544 1095 590 uolo,
1127 556 1189 580 me
1218 542 1409 580 insaniam

140 607 278 657 Neque
318 615 446 645 tenere
487 608 611 658 neque
652 609 704 645 mi
744 621 828 646 esse
871 609 992 645 ullum
1030 609 1208 646 morbum
1247 609 1319 645 nisi
1360 609 1465 658 quod

354 672 491 711 Seruio.
1388 677 1460 711 621

138 729 189 775 Ᾰῖ
219 739 270 776 ita
298 751 360 776 me
390 752 457 776 rex
488 738 652 776 deorum
683 747 797 789 atque
832 739 1035 777 hominum
1072 739 1163 777 faxit
1196 740 1341 788 patriae
1371 739 1464 777 con-

354 812 497 853 potem,

139 869 191 906 Vt
221 869 303 907 istic
334 869 571 908 Philocrates
602 883 682 908 non
716 871 839 921 magis
874 878 930 908 est
963 883 1079 921 quam
1115 869 1180 908 aut
1213 883 1287 920 ego
1322 878 1385 909 aut
1413 878 1464 908 tu.

357 941 445 973 HE.
477 935 577 982 Eho,
608 936 668 973 dic
698 937 802 982 mihi,
1423 952 1465 985 90

141 1000 239 1047 Quis
268 1001 343 1038 illic
374 1002 488 1051 igitur
518 1001 599 1038 esst?
666 1007 754 1039 AR.
785 1001 915 1048 Quem
945 1001 1089 1039 dudum
1119 1002 1197 1040 dixi
1228 1014 1250 1039 a
1277 1001 1464 1051 principio

354 1067 434 1104 tibi.

139 1130 230 1169 Hoc
261 1131 290 1168 si
321 1143 431 1169 secus
462 1130 639 1181 reperies,
669 1132 814 1169 nullam
844 1130 1002 1169 causam
1033 1132 1120 1170 dico
1149 1134 1243 1182 quin
1270 1132 1365 1169 mihi
1386 1134 1462 1170 625

140 1185 189 1232 E‘t
218 1204 418 1245 parentum
448 1205 484 1234 et
514 1197 697 1235 libertatis
727 1198 818 1246 aput
846 1206 882 1234 te
913 1197 1080 1247 deliquio
1110 1198 1187 1235 siet.

140 1266 228 1298 HE.
259 1260 433 1311 (turning
465 1268 498 1299 lo
531 1262 747 1312 Tyndarus)
778 1262 884 1309 Quid
912 1269 953 1300 tu
987 1263 1068 1300 ais?
1134 1268 1220 1300 TY.
1252 1262 1319 1300 Me
1355 1262 1464 1300 tuum

357 1340 440 1365 esse
488 1340 642 1365 seruom
691 1335 727 1366 et
775 1327 812 1365 te
863 1340 995 1365 meum
1042 1341 1162 1365 erum.
1222 1333 1313 1366 HE.
1359 1328 1464 1366 Haut

357 1390 453 1430 istrie
486 1406 594 1442 rogo.

140 1455 287 1494 Fuistin
316 1457 438 1495 liber?
506 1463 590 1495 ¹1¹Y.
621 1456 702 1495 Fui.
763 1464 851 1495 AR.
882 1458 1093 1495 Enimuero
1124 1458 1203 1495 non
1233 1458 1311 1502 suit,
1343 1459 1464 1508 nugas

355 1536 377 1560 a
406 1524 445 1560 it.
473 1540 483 1546 κ
1450 1541 1461 1550 .

139 1593 225 1625 TY.
256 1587 334 1634 Qui
364 1536 405 1625 ii
432 1595 511 1625 tam
543 1589 722 1626 audacter
752 1589 878 1626 dicere
907 1589 1054 1626 audes?
1113 1595 1199 1626 AB..
1232 1587 1399 1625 Puerum
1422 1542 1464 1626 {g

356 1654 438 1690 uidi
465 1666 568 1703 puer.
1223 1685 1245 1699 η,
1386 1658 1464 1692 630

140 1724 225 1757 ΤΥ.
255 1710 307 1756 At
335 1731 409 1768 ego
438 1726 474 1756 te
504 1719 690 1757 maiorem
720 1720 834 1757 uideo
865 1713 1011 1757 ¹maior:
1043 1698 1091 1756 e‘n
1120 1718 1250 1773 rusum
1279 1720 1355 1756 tibi.

140 1783 273 1821 Meam
314 1796 396 1821 rem
438 1797 516 1822 non
558 1784 680 1831 cures,
723 1786 753 1822 si
793 1792 894 1822 recte
939 1784 1078 1822 facias:
1121 1796 1213 1820 num
1257 1796 1330 1832 ego
1371 1784 1463 1821 curo

355 1857 460 1887 tuam
480 1851 493 1887 ?

141 1920 230 1953 HE.
260 1914 398 1952 Fuitne
427 1915 514 1952 huic
543 1915 651 1965 pater
682 1914 1362 1964 Thensaurochrysonieochrysides?
1406 1931 1464 1952 100

142 1985 229 2017 AR.
259 1979 351 2016 Non
384 1980 478 2019 fuit:
524 1993 651 2031 neque
686 1993 759 2029 ego
799 1981 895 2018 istuc
936 1992 1081 2018 nornen
1115 1978 1301 2029 umquam
1336 1980 1463 2017 audiui

358 2053 445 2083 ante
473 2044 576 2083 hune
605 2047 718 2083 diem.

143 2111 346 2147 Philocrati
388 2110 733 2149 Theodoromedes
776 2108 846 2148 ffiit
886 2119 1003 2160 pater.
1061 2115 1146 2147 TY.
1177 2108 1310 2160 (assde)
1344 2110 1462 2147 Pereo

250 2176 381 2224 probe.
1385 2177 1461 2212 635

144 2241 250 2287 Quin
281 2241 473 2290 quiescis?
506 2238 552 2292 [i]
587 2242 807 2288 dierectum,
837 2241 903 2278 cor
933 2253 1074 2285 meum,
1107 2253 1151 2278 ac
1181 2239 1371 2293 suspende
1401 2248 1459 2277 te:
