1602 2475
161 98 215 151 38
723 103 965 179 PLAVTJ
992 148 994 150 ³
1199 146 1203 156 ‚
1248 98 1294 129 11
1313 98 1342 130 2
1330 102 1537 188 ³2⁵3stAE-

159 217 248 249 HE.
301 211 408 260 Quid
454 219 534 250 erat
582 212 615 250 ei
662 170 835 250 nomen?
911 217 1000 250 PH.
1049 210 1401 259 Thensauroch15
1378 223 1480 248 som

430 277 684 327 cochrysides.
1403 279 1480 314 285

159 348 248 380 HE.
279 342 470 381 Videlicet
499 342 655 393 propter
685 343 835 380 diuitias
863 343 1028 380 inditum
1056 343 1095 380 id
1123 341 1267 381 nornen
1295 342 1469 391 quasist?

160 413 249 445 PH.
299 397 429 447 fmmo
476 408 614 459 edepol
662 408 819 458 propter
858 410 1057 447 auaritiam
1096 409 1216 459 ipsius
1255 416 1370 458 atque
1414 420 1481 444 au-

428 474 592 513 daciam.

159 537 281 590 [Nam
312 539 385 577 illic
415 540 571 589 quidem
602 540 947 605 Theodoromedes
976 539 1045 577 fuit
1077 551 1262 589 germano
1294 536 1479 591 nomine]

158 609 248 641 HE.
288 604 394 651 Quld
433 612 473 642 tu
509 606 590 643 ais?
631 591 797 651 tenaxne
838 613 948 655 pater
981 612 1037 643 est
1071 604 1178 643 eius?
1234 610 1322 642 PH.
1352 603 1480 640 Immo

427 671 564 720 edepol
592 670 792 720 pertinax:
1441 685 1480 717 39

159 736 263 781 Quin
311 736 427 773 etiam
473 744 516 773 ut
563 738 686 787 magis
728 737 878 782 noscaS‚
924 737 1041 787 genio
1083 735 1154 774 suo
1205 737 1275 773 sibi
1323 735 1480 785 quando

427 800 639 847 sacruficat‚
1072 811 1177 869 *3141
1207 796 1243 825 ⁷⁸
1401 802 1479 837 290

158 857 220 902 Ad
249 878 330 903 rem
360 865 530 904 diuinam
558 868 697 916 quibus
727 879 825 916 opus
854 874 911 905 est
943 866 1079 919 Saffliis
1108 867 1211 904 uasis
1238 864 1366 911 utitur,

157 930 218 968 Ne
247 932 329 980 ipse
358 933 494 981 genius
524 931 748 982 subrupiat:
778 933 942 982 proinde
971 932 1054 971 aliis
1082 940 1124 970 ut
1153 931 1282 970 credat
1311 932 1410 969 uide.

156 1001 244 1033 ΗΕ.
288 995 453 1046 Sequere
491 996 563 1034 hac
601 1010 663 1035 me
701 998 826 1047 igitur.
883 998 1018 1036 eadem
1059 1010 1134 1048 ego
1175 1010 1222 1035 ex
1265 997 1339 1035 hoc
1380 997 1479 1046 quae

423 1062 514 1100 uolo
543 1063 795 1113 exquisiuero.
827 1063 1063 1114 (approaches
1092 1061 1307 1113 Ijssndarus)

157 1126 401 1173 Philocrates,
431 1128 491 1165 hic
519 1128 609 1166 feeit
638 1128 837 1166 hominem
866 1127 964 1177 frugi
993 1135 1034 1166 ut
1062 1128 1186 1167 facere
1216 1128 1396 1178 oportuit.
1437 1146 1479 1174 44

158 1190 260 1228 Nam
291 1205 363 1240 ego
393 1206 441 1230 ex
471 1193 545 1231 hoc
575 1206 653 1243 quo
683 1205 826 1241 genere
855 1200 994 1243 gnatus
1025 1194 1075 1231 sis
1104 1194 1208 1231 scio:
1251 1193 1312 1231 hic
1342 1192 1480 1230 fassust

424 1258 528 1296 mihi.
828 1291 888 1298 1,
1352 1257 1477 1295 '295

158 1323 271 1361 Haec
301 1332 342 1360 tu
371 1324 507 1361 eadem
536 1325 567 1361 si
596 1324 770 1361 confiteri
799 1305 868 1371 uis,
899 1332 964 1362 tua
996 1321 1053 1378 [e]
1085 1323 1124 1362 re
1143 1298 1298 1370 feceris,

157 1388 269 1434 Quae
308 1396 437 1426 tamen
472 1389 567 1446 sfflo
601 1390 696 1427 scire
729 1401 790 1426 me
826 1402 872 1427 ex
906 1390 992 1428 hoe.
1048 1395 1134 1428 ·1·Y.
1175 1390 1281 1428 Fecit
1311 1390 1479 1428 officium

435 1454 495 1492 hic
526 1467 651 1500 suum,

157 1521 289 1567 Quom
319 1521 423 1558 tibist
452 1519 650 1559 confessus
679 1533 825 1567 uerum,
856 1521 1091 1572 quamquam
1119 1522 1225 1560 uolui
1256 1522 1387 1559 sedulo

157 1586 289 1623 Meam
318 1585 556 1623 nobilitatem
585 1586 782 1624 occultare
811 1593 848 1624 et
875 1586 998 1636 genus
1027 1594 1064 1624 et
1089 1587 1238 1625 diuitias
1266 1600 1382 1632 meas,
1436 1605 1477 1635 49

157 1651 310 1700 Hegio:
347 1663 452 1688 nunc
481 1650 637 1700 quando
666 1652 830 1702 patriam
859 1659 896 1690 et
924 1653 1143 1690 libertatem
1171 1652 1327 1701 perdidi,
1401 1656 1477 1690 300

157 1717 250 1754 Non
294 1729 367 1766 ego
409 1729 471 1754 me
514 1717 638 1755 istunc
682 1717 810 1767 potius
858 1730 974 1767 quam
1017 1725 1054 1755 te
1096 1718 1264 1755 metuere
1312 1730 1478 1766 aequom

425 1782 576 1820 censeo.

157 1848 226 1885 Vis
254 1848 401 1885 hostilis
430 1861 518 1886 cum
547 1848 645 1886 istoc
674 1848 763 1886 fecit
792 1849 899 1886 meas
928 1862 1022 1898 opes
1051 1848 1270 1899 aequabilis.

157 1913 319 1950 Memini
349 1925 468 1963 quom
497 1913 601 1960 Qto
629 1912 720 1950 haut
750 1914 936 1951 audebat:
968 1913 1070 1964 fagio
1098 1927 1202 1951 nunc
1228 1914 1351 1951 laedat
1378 1915 1475 1952 licet.

159 1978 223 2015 Set
251 1978 398 2015 uiden?
427 1977 581 2016 fortuna
610 1963 780 2031 humana¹
796 1969 919 2028 fingit
948 1977 1120 2029 artatque
1148 1977 1189 2016 ut
1217 1979 1332 2016 lubet.
1437 1997 1478 2026 54

158 2043 224 2080 Me
251 2043 315 2093 qui
337 2043 431 2080 liber
453 2041 600 2081 fueram
629 2056 784 2081 seruom
810 2043 909 2090 fecit,
931 2057 951 2081 e
978 2055 1130 2081 summo
1153 2043 1365 2081 infumum:
1400 2048 1474 2081 305

158 2109 235 2155 Qui
265 2109 453 2157 imperare
482 2108 686 2155 insuerarn,
717 2121 821 2146 nunc
850 2108 1001 2146 alterius
1029 2109 1190 2158 imperio
1219 2109 1422 2159 opsequor.

157 2162 206 2210 Et
237 2174 391 2221 quidem
422 2174 451 2210 si
481 2174 643 2222 proinde
672 2182 713 2211 ut
742 2174 822 2223 ipse
853 2174 904 2211 fui
934 2175 1140 2223 imperator
1169 2173 1332 2212 familiae

710 2251 779 2285 297.
804 2243 922 2275 tamen.
