1602 2475
155 138 212 174 44
715 130 821 164 PLA
833 131 927 165 VT]
1250 125 1301 156 IL·
1313 125 1343 156 3.
1360 123 1478 165 63-85.

156 245 249 278 HE.
278 227 383 288 Ergo
413 251 533 290 quom
558 239 717 289 optume
745 240 878 287 fecisti,
909 238 1013 278 minc
1042 239 1151 278 adest
1179 238 1334 277 occasio

157 304 366 342 Be'nefacta
395 304 600 351 cumulare,
631 313 670 341 ut
700 317 790 354 erga
819 305 922 344 hunc
950 305 1033 343 rem
1061 317 1173 355 geras
1202 304 1371 342 fide'liter.
1438 310 1480 350 64

157 376 244 407 PH.
290 369 418 419 Magis
447 383 527 408 non
556 370 701 407 factum
731 371 890 420 possum
919 371 1017 409 uelle
1048 383 1167 421 quam
1197 371 1316 420 opera
1344 382 1480 420 exper-

372 436 427 472 iar
457 435 654 485 persequi:
1401 437 1478 472 425

157 490 203 536 sd
233 502 286 537 uti
316 502 424 547 scias,
455 500 592 538 Ioue'm
623 513 847 550 supremum
876 501 1013 539 testem
1043 502 1093 539 do
1126 498 1243 554 [tibi],
1273 501 1416 550 Hegio,

158 566 224 603 Me
245 567 438 603 infidelem
455 567 534 603 non
554 566 724 603 futurum
737 566 956 605 Philocrati.
1013 572 1104 605 HE.
1119 566 1268 604 Probus
1288 566 1330 604 es
1348 566 1478 604 homo.

157 638 245 668 PH.
277 632 361 669 Ne'c
390 645 452 669 me
482 645 592 669 secus
621 644 809 682 umquam
839 632 873 669 ei
903 632 1094 671 facturum
1123 633 1333 683 quicquam
1363 644 1480 682 quam

372 698 514 734 memet
544 698 693 749 mihim.
730 743 731 746 Ἰ
956 733 960 738 Δ
1045 735 1047 737 .
1148 728 1156 733 «

156 768 240 800 TY.
273 752 396 800 sstaec
427 763 590 806 dictate
621 744 800 812 eissedire
829 770 866 800 et
895 763 1022 813 operis
1050 770 1087 801 et
1115 763 1224 801 factis
1252 763 1354 809 uolo,
1439 769 1480 812 69

157 818 206 864 Et
236 841 353 877 quom
383 830 511 866 minus
540 829 619 865 dixi
647 841 764 878 quam
794 829 899 866 uolui
928 828 975 867 de
1009 837 1057 876 te,
1089 830 1262 866 animum
1299 829 1481 867 aduortas

373 895 465 932 uolo
1403 899 1480 933 430

156 951 284 1009 §tque
313 961 460 998 horunc
489 960 697 997 uerborum
729 973 848 997 causa
877 960 971 998 caue
1000 968 1042 997 tu
1070 961 1124 997 mi
1152 959 1270 998 iratus
1298 960 1394 998 fuas.

158 1025 234 1070 Set,
264 1034 299 1063 te
330 1038 486 1075 quaeso,
519 1025 688 1074 cogitato
718 1025 807 1063 hinc
838 1026 925 1063 mea
954 1026 1028 1063 fide
1056 1027 1157 1063 mitti
1184 1026 1345 1064 domum

156 1077 214 1128 Te
246 1091 501 1129 aestumatum
532 1098 568 1127 et
603 1089 731 1127 meam
767 1103 849 1128 esse
884 1092 1005 1128 uitam
1040 1091 1101 1129 hic
1134 1091 1205 1140 pro
1241 1098 1276 1128 te
1312 1093 1480 1140 positam

371 1157 532 1206 pigneri,

156 1222 216 1260 Ne
265 1231 304 1259 tu
353 1235 415 1259 me
462 1221 628 1271 ignores,
673 1234 792 1272 quom
841 1222 1037 1272 extemplo
1077 1235 1168 1260 meo
1207 1222 1230 1259 έ
1272 1230 1481 1272 conspeetu

373 1287 612 1338 apscesseris,
1441 1303 1481 1336 74

157 1353 307 1408 [Quom
335 1367 397 1392 me
427 1366 579 1391 seruom
608 1355 647 1390 in
678 1355 858 1391 seruitute
888 1367 960 1403 pro
989 1361 1026 1392 te
1056 1354 1116 1391 hic
1147 1351 1363 1407 reliqueris]
1402 1358 1479 1392 435

157 1420 295 1470 Tuque
326 1429 361 1456 te
392 1432 462 1469 pro
491 1419 611 1457 h'bero
641 1432 723 1457 esse
754 1418 884 1465 ducas,
914 1420 1056 1469 pignus
1086 1419 1253 1465 deseras,

156 1485 293 1535 Neque
323 1486 390 1522 des
419 1498 577 1535 operam
606 1486 678 1535 pro
707 1498 769 1522 me
793 1492 835 1522 ut
863 1485 977 1522 huius
1004 1484 1188 1522 reducem
1209 1485 1327 1523 facias
1347 1485 1479 1523 fssium.

158 1550 262 1588 Scito
292 1559 328 1588 te
357 1551 445 1588 hinc
475 1551 589 1588 minis
619 1551 755 1600 uiginti
785 1549 1044 1588 aestumatum
1074 1552 1226 1588 mittier.
1327 1553 1434 1604 3&ss

156 1616 230 1653 Fac
261 1617 370 1653 fidele
400 1618 450 1654 sis
481 1617 612 1661 fidelis,
644 1615 736 1653 caue
767 1616 882 1653 fidem
911 1616 1057 1669 fingam
1087 1628 1208 1666 geraS.
1295 1603 1314 1622 ⁸

156 1682 260 1719 Nam
280 1691 398 1732 pater,
421 1683 513 1727 scio,
534 1681 647 1719 faciet
667 1694 766 1731 quae
786 1681 891 1718 illum
911 1681 1035 1719 facere
1056 1688 1208 1731 oportet
1228 1681 1371 1719 omnia.
1437 1690 1480 1719 80

158 1748 276 1783 Sffirua
303 1749 369 1784 tibi
399 1749 437 1784 in
466 1747 692 1797 perpetuom
723 1748 889 1784 amicum
919 1759 980 1784 me
1008 1746 1122 1796 atque
1149 1747 1251 1783 hunc
1278 1747 1478 1784 inuentum

370 1814 511 1850 inueni.
1399 1816 1473 1850 441

156 1879 302 1927 (ιήιΙυῂιῃςΓ
319 1879 563 1915 th'locratcs'
590 1879 697 1914 hand
722 1880 761 1914 z'n
794 1878 871 1928 his)
902 1877 1013 1915 Haec
1044 1890 1112 1926 per
1142 1877 1340 1914 dexteram
1369 1885 1477 1915 tuam

370 1951 406 1980 te
436 1944 591 1980 dextera
620 1942 787 1980 retinens
817 1955 936 1979 manu

155 1998 344 2057 Opsecro,
375 2009 562 2045 infidelior
590 2010 643 2044 mi
673 2007 721 2044 ne
750 2008 834 2045 fuas
863 2020 979 2057 quam
1009 2020 1084 2057 ego
1113 2007 1198 2045 stim
1229 2010 1308 2046 tibi.

156 2073 246 2110 Hoc
262 2086 333 2122 age
350 2070 459 2125 [sis]:
490 2082 530 2110 tu
550 2074 645 2110 mihi
660 2085 763 2110 nune
777 2085 865 2111 erus
885 2085 937 2118 es,
951 2071 992 2109 tt'l
1004 2080 1201 2122 patronus,
1218 2072 1257 2110 tu
1278 2082 1411 2123 pater:
1434 2083 1476 2121 84

155 2139 246 2175 Tibi
295 2139 516 2175 conmendo
564 2138 651 2186 spes
701 2150 871 2187 opesque
919 2138 1037 2174 meas.
1095 2143 1186 2175 PH.
1234 2137 1475 2176 Mandauisti

369 2203 470 2240 satis.
1397 2207 1474 2240 445

321 2275 393 2316 438.
420 2273 548 2309 Hiatus,
566 2279 599 2304 at
615 2273 675 2303 end
694 2271 731 2303 of
741 2273 808 2304 first
824 2273 898 2304 half
909 2274 947 2304 of
957 2273 1100 2305 trochaie
1115 2279 1304 2305 tetrameter.
