1602 2475
183 86 236 129 32
748 83 852 117 PLA
864 83 957 117 VT]
1292 78 1317 109 1.
1336 79 1365 110 2.
1384 79 1501 112 60-86.

183 190 229 227 In
257 190 316 227 his
345 190 478 228 diebus
507 190 569 228 me
598 191 919 229 reconciliassere.
1462 198 1504 229 60

182 255 285 293 Nam
314 254 451 293 eccum
481 257 677 305 captiuom
706 256 808 294 hunc
839 256 1127 295 adulescentem
1159 254 1270 310 [emi]
1302 248 1442 294 Aleum

182 320 418 370 Prognatum
447 334 588 370 genere
620 320 774 358 summo
804 330 841 359 et
864 323 1031 360 'summis
1060 323 1183 360 ditiis:
1428 325 1502 358 170

182 387 273 424 Hoc
302 386 409 423 filum
440 399 503 424 me
531 386 678 423 mutare
709 387 866 424 confidc')
896 387 988 425 fore.

180 458 266 490 ER.
296 452 355 490 Ita
384 452 424 489 di
452 452 622 501 deaeque
651 451 785 490 faxint.
843 458 932 490 HE.
964 453 1029 491 Set
1058 453 1231 503 numque
1261 454 1363 491 foras

180 517 354 555 Vocatus
385 515 461 569 [es]
492 518 542 554 ad
572 517 734 554 cenam?
791 523 875 554 ER.
907 517 1123 567 Nusquam,
1156 518 1261 571 qued
1291 518 1421 561 sciam.
1461 525 1501 565 65

181 583 246 621 Set
276 583 367 633 quid
396 590 437 620 tu
466 583 504 620 id
534 584 710 632 quaeris?
768 589 858 621 HE.
891 583 994 630 Quia
1022 584 1110 620 mist
1140 583 1278 621 natalis
1307 584 1410 621 dies:

180 648 392 698 Propterea
420 657 456 686 te
485 648 616 686 uocari
648 646 715 700 [ad
744 647 826 701 me]
860 649 907 686 ad
938 648 1076 686 cenam
1105 649 1207 686 uolo.
1425 653 1498 687 175

178 720 264 752 ER.
295 714 437 755 Facete
467 715 623 753 dictum.
682 720 773 752 HE.
807 714 873 752 Set
902 715 932 751 si
961 713 1172 764 pauxillum
1201 722 1314 764 potes

179 779 395 817 Contentus
425 792 518 818 esse.
575 785 659 817 ER.
691 779 751 817 Ne
782 778 1062 829 perpauxillum
1090 780 1229 818 modo:

179 846 229 895 (lo
278 846 335 882 the
373 844 557 895 audz'ence)
606 844 711 882 Nam
755 845 851 883 istec
896 858 958 883 me
1002 846 1164 883 adsiduo
1207 846 1310 883 uictu
1355 845 1504 882 delecte

393 911 511 948 domi.
802 927 833 964 *t*
886 952 888 961 ἴ
1466 925 1504 958 70

140 964 143 973 s
178 982 267 1014 HE.
308 976 393 1025 Age
437 977 488 1013 si's
532 989 636 1025 roga.
705 975 807 1015 ER.'
835 965 1034 1026 Emptum,
1080 978 1151 1014 nisi
1195 978 1259 1026 qui
1304 976 1504 1013 meliorem

394 1041 540 1079 adferet

179 1108 290 1153 Quae
319 1107 372 1143 mi
402 1106 517 1156 atque
548 1107 682 1143 amicis
712 1106 863 1156 placeat
894 1107 1065 1161 cenditie
1096 1107 1241 1156 magis:
1428 1108 1503 1143 180

178 1173 302 1219 Quasi
331 1171 494 1209 fundum
522 1171 703 1218 uendam,
734 1173 832 1209 meis
861 1185 923 1209 me
953 1159 1132 1209 addicam
1161 1159 1321 1221 legibus.

177 1245 265 1276 HE.
298 1237 538 1276 Profundum
568 1237 704 1274 uendis
734 1236 774 1275 tu
805 1239 973 1288 quidem,
1003 1238 1081 1275 hau
1111 1236 1276 1275 fundum
1307 1236 1410 1274 mihi.

180 1306 244 1342 Set
275 1305 307 1341 ss
333 1304 542 1349 uenturu'S,
573 1303 747 1353 temperi.
803 1309 889 1341 ER.
920 1303 1037 1349 Hem,
1066 1303 1128 1340 uel
1158 1303 1235 1340 iam
1264 1302 1432 1339 etiumst.
1465 1316 1501 1349 75

177 1375 266 1408 HE.
298 1369 316 1406 I
345 1369 477 1415 medo,
506 1381 650 1406 uenare
679 1368 878 1418 leporem:
909 1381 1014 1406 nunc
1043 1369 1152 1405 ictl'm
1181 1375 1299 1404 teneS.

178 1435 282 1472 Nam
311 1432 419 1472 meus
448 1446 673 1483 scruposam
702 1435 824 1471 uictus
854 1433 1048 1472 conmetzit
1077 1434 1190 1470 uiam.
1429 1433 1502 1469 185

177 1506 264 1538 ER.
294 1499 521 1549 Numquam
551 1500 648 1536 istoc
678 1500 812 1536 uinces
840 1511 914 1544 me,
946 1498 1103 1548 Hegio:
1144 1511 1191 1535 ne
1220 1497 1392 1547 pestules

179 1566 279 1603 Cum
309 1564 486 1603 calceatis
516 1564 696 1601 dentibus
724 1563 879 1601 ueniam
908 1571 1050 1601 tamen.
1114 1595 1121 1615 ,Ἰ
1152 1609 1159 1616 .
1195 1615 1197 1618 ι

178 1636 266 1669 HE.
299 1622 425 1681 Asner
454 1642 562 1667 meus
590 1630 713 1667 uictus
743 1629 880 1668 sanest.
939 1635 1024 1667 ER.
1056 1617 1232 1678 Sentisne
1260 1627 1422 1666 essitas?
1460 1633 1502 1664 80

178 1702 266 1734 HE.
297 1695 506 1734 Terrestris
536 1703 678 1733 cenast.
736 1701 820 1733 ER.
855 1694 927 1732 Stis
956 1695 1146 1732 terrestris
1175 1693 1343 1731 bestiast.

179 1767 267 1799 HE.
298 1760 434 1799 Multis
463 1761 670 1800 holeribus.
726 1767 812 1799 ER.
844 1760 992 1798 Curato
1021 1759 1202 1809 aegrotes
1231 1759 1347 1796 domi.
1426 1761 1500 1795 190

179 1827 352 1876 (turning
371 1831 405 1863 lo
417 1824 484 1875 go)
515 1826 718 1876 Numquid
747 1827 830 1863 uis?
889 1831 979 1864 HE.
1010 1825 1156 1862 Venias
1185 1823 1358 1873 temperi.
1416 1828 1501 1860 ER.

395 1891 614 1929 Memorem
646 1905 793 1929 mones.
853 1891 953 1941 (exit
979 1890 1187 1938 Ergasilus
1221 1889 1263 1938 ᾇγ
1293 1889 1349 1925 the
1380 1888 1502 1937 rzgrlzt-

393 1957 500 1993 hand
513 1958 601 1994 door
620 1958 670 2006 os
678 1958 735 1993 llze
752 1955 880 2007 stage.)
900 1982 909 2000 χ
934 2003 937 2007 ’

180 2027 269 2059 HE.
300 2021 371 2058 Ibo
399 2023 500 2059 intro
529 2029 644 2071 atque
673 2022 773 2058 intus
803 2005 1013 2058 subducam
1045 2018 1311 2064 ratiunculam,

181 2086 420 2132 Quantillum
449 2088 598 2134 argenti
626 2087 721 2123 mihi
751 2093 842 2135 aput
863 2084 1096 2137 (trapezitam
1125 2085 1205 2122 siet.
1461 2091 1499 2130 85

180 2151 243 2188 Ad
272 2150 438 2194 fratrem,
468 2163 545 2199 quo
574 2151 627 2187 ire
658 2151 841 2196 dixeram,
872 2162 963 2186 mox
994 2150 1114 2186 suero.
1145 2147 1285 2198 (Ilegz'o
1309 2162 1395 2197 goes
1427 2149 1501 2184 into

396 2215 455 2251 ln's
474 2214 612 2265 house.)
